<?xml version="1.0" encoding="UTF-8"?>
<!DOCTYPE html PUBLIC "-//W3C//DTD XHTML 1.0 Transitional//EN"
    "http://www.w3.org/TR/xhtml1/DTD/xhtml1-transitional.dtd">
<html xmlns="http://www.w3.org/1999/xhtml" xml:lang="en" lang="en">
 <head>
  <title>
</title>
<meta http-equiv="Content-Type" content="text/html;charset=utf-8" />
  <meta name='ocr-system' content='tesseract 3.04.00' />
  <meta name='ocr-capabilities' content='ocr_page ocr_carea ocr_par ocr_line ocrx_word'/>
</head>
<body>
  <div class='ocr_page' id='page_1' title='image "./pvergilimaronis10virggoog/pvergilimaronis10virggoog_0023.png"; bbox 0 0 2300 3594; ppageno 0'>
   <div class='ocr_carea' id='block_1_1' title="bbox 172 341 736 401">
    <p class='ocr_par' dir='ltr' id='par_1_1' title="bbox 172 341 736 401">
     <span class='ocr_line' id='line_1_1' title="bbox 172 341 736 401; baseline 0.002 -1"><span class='ocrx_word' id='word_1_1' title='bbox 172 341 191 400; x_wconf 79' lang='lat' dir='ltr'>ii</span> <span class='ocrx_word' id='word_1_2' title='bbox 524 351 736 401; x_wconf 76' lang='lat' dir='ltr'><strong><em>AENEIDOS.</em></strong></span> 
     </span>
    </p>
   </div>
   <div class='ocr_carea' id='block_1_2' title="bbox 173 520 1085 1083">
    <p class='ocr_par' dir='ltr' id='par_1_2' title="bbox 173 520 846 600">
     <span class='ocr_line' id='line_1_2' title="bbox 173 520 846 600; baseline 0.003 -20"><span class='ocrx_word' id='word_1_3' title='bbox 173 521 339 600; x_wconf 79' lang='lat' dir='ltr'><strong>Adparent</strong></span> <span class='ocrx_word' id='word_1_4' title='bbox 353 521 417 581; x_wconf 85' lang='lat' dir='ltr'>rari</span> <span class='ocrx_word' id='word_1_5' title='bbox 430 526 542 582; x_wconf 78' lang='lat' dir='ltr'><strong>nantes</strong></span> <span class='ocrx_word' id='word_1_6' title='bbox 558 522 592 581; x_wconf 91' lang='lat' dir='ltr'>in</span> <span class='ocrx_word' id='word_1_7' title='bbox 608 520 731 599; x_wconf 86' lang='lat' dir='ltr'>gurgite</span> <span class='ocrx_word' id='word_1_8' title='bbox 746 527 846 597; x_wconf 87' lang='lat' dir='ltr'>vasto,</span> 
     </span>
    </p>

    <p class='ocr_par' dir='ltr' id='par_1_3' title="bbox 173 607 1085 1083">
     <span class='ocr_line' id='line_1_3' title="bbox 173 607 1026 697; baseline 0.002 -19"><span class='ocrx_word' id='word_1_9' title='bbox 173 637 260 678; x_wconf 87' lang='lat' dir='ltr'>arma</span> <span class='ocrx_word' id='word_1_10' title='bbox 275 618 378 678; x_wconf 74' lang='lat' dir='ltr'>virum</span> <span class='ocrx_word' id='word_1_11' title='bbox 390 618 579 696; x_wconf 87' lang='lat' dir='ltr'>tabulaeque</span> <span class='ocrx_word' id='word_1_12' title='bbox 594 624 626 678; x_wconf 89' lang='lat' dir='ltr'>et</span> <span class='ocrx_word' id='word_1_13' title='bbox 642 619 736 677; x_wconf 77' lang='lat' dir='ltr'>Troia</span> <span class='ocrx_word' id='word_1_14' title='bbox 751 637 827 695; x_wconf 84' lang='lat' dir='ltr'>gaza</span> <span class='ocrx_word' id='word_1_15' title='bbox 835 607 897 697; x_wconf 45' lang='lat' dir='ltr'>‘per</span> <span class='ocrx_word' id='word_1_16' title='bbox 911 620 1026 680; x_wconf 80' lang='lat' dir='ltr'>undae.</span> 
     </span>
     <span class='ocr_line' id='line_1_4' title="bbox 173 713 1085 792; baseline 0 -18"><span class='ocrx_word' id='word_1_17' title='bbox 173 716 242 774; x_wconf 90' lang='lat' dir='ltr'>Iam</span> <span class='ocrx_word' id='word_1_18' title='bbox 257 714 395 774; x_wconf 85' lang='lat' dir='ltr'>validam</span> <span class='ocrx_word' id='word_1_19' title='bbox 410 713 526 774; x_wconf 85' lang='lat' dir='ltr'>Ilionei</span> <span class='ocrx_word' id='word_1_20' title='bbox 541 733 662 790; x_wconf 86' lang='lat' dir='ltr'>navem,</span> <span class='ocrx_word' id='word_1_21' title='bbox 678 715 740 774; x_wconf 91' lang='lat' dir='ltr'>iam</span> <span class='ocrx_word' id='word_1_22' title='bbox 756 715 850 775; x_wconf 81' lang='lat' dir='ltr'>fortis</span> <span class='ocrx_word' id='word_1_23' title='bbox 866 715 1023 792; x_wconf 81' lang='lat' dir='ltr'>Achatae,</span> <span class='ocrx_word' id='word_1_24' title='bbox 1048 743 1085 776; x_wconf 87' lang='lat'>120</span> 
     </span>
     <span class='ocr_line' id='line_1_5' title="bbox 173 811 992 889; baseline 0.002 -18"><span class='ocrx_word' id='word_1_25' title='bbox 173 817 205 871; x_wconf 89' lang='lat' dir='ltr'>et</span> <span class='ocrx_word' id='word_1_26' title='bbox 220 831 282 889; x_wconf 90' lang='lat' dir='ltr'>qua</span> <span class='ocrx_word' id='word_1_27' title='bbox 296 816 405 871; x_wconf 86' lang='lat' dir='ltr'>veotus</span> <span class='ocrx_word' id='word_1_28' title='bbox 422 811 518 886; x_wconf 63' lang='lat' dir='ltr'>Abas</span> <span class='ocrx_word' id='word_1_29' title='bbox 533 817 566 872; x_wconf 89' lang='lat' dir='ltr'>et</span> <span class='ocrx_word' id='word_1_30' title='bbox 581 830 643 889; x_wconf 93' lang='lat' dir='ltr'>qua</span> <span class='ocrx_word' id='word_1_31' title='bbox 657 812 851 889; x_wconf 85' lang='lat' dir='ltr'>grandaevus</span> <span class='ocrx_word' id='word_1_32' title='bbox 867 811 992 888; x_wconf 88' lang='lat' dir='ltr'>Aletes,</span> 
     </span>
     <span class='ocr_line' id='line_1_6' title="bbox 173 908 983 986; baseline 0.004 -19"><span class='ocrx_word' id='word_1_33' title='bbox 173 909 250 968; x_wconf 87' lang='lat' dir='ltr'>vicit</span> <span class='ocrx_word' id='word_1_34' title='bbox 264 908 383 982; x_wconf 83' lang='lat' dir='ltr'>hiems3</span> <span class='ocrx_word' id='word_1_35' title='bbox 406 908 489 968; x_wconf 86' lang='lat' dir='ltr'>laxis</span> <span class='ocrx_word' id='word_1_36' title='bbox 504 909 640 968; x_wconf 89' lang='lat' dir='ltr'>laterum</span> <span class='ocrx_word' id='word_1_37' title='bbox 654 909 856 986; x_wconf 81' lang='lat' dir='ltr'>compagibus</span> <span class='ocrx_word' id='word_1_38' title='bbox 871 928 983 970; x_wconf 90' lang='lat' dir='ltr'>omnes</span> 
     </span>
     <span class='ocr_line' id='line_1_7' title="bbox 173 1003 1006 1083; baseline 0.002 -18"><span class='ocrx_word' id='word_1_39' title='bbox 173 1005 334 1082; x_wconf 89' lang='lat' dir='ltr'>accipiunt</span> <span class='ocrx_word' id='word_1_40' title='bbox 348 1003 511 1064; x_wconf 91' lang='lat' dir='ltr'>inimicum</span> <span class='ocrx_word' id='word_1_41' title='bbox 526 1005 658 1064; x_wconf 84' lang='lat' dir='ltr'>imbrem</span> <span class='ocrx_word' id='word_1_42' title='bbox 673 1005 823 1083; x_wconf 89' lang='lat' dir='ltr'>rimisque</span> <span class='ocrx_word' id='word_1_43' title='bbox 839 1005 1006 1067; x_wconf 85' lang='lat' dir='ltr'>fatiscunt.</span> 
     </span>
    </p>
   </div>
   <div class='ocr_carea' id='block_1_3' title="bbox 291 1181 967 1241">
    <p class='ocr_par' dir='ltr' id='par_1_4' title="bbox 291 1181 967 1241">
     <span class='ocr_line' id='line_1_8' title="bbox 291 1181 967 1241; baseline 0.004 -13"><span class='ocrx_word' id='word_1_44' title='bbox 291 1182 411 1240; x_wconf 75' lang='lat' dir='ltr'><em>Neptune</em></span> <span class='ocrx_word' id='word_1_45' title='bbox 423 1183 505 1229; x_wconf 74' lang='lat' dir='ltr'>scolda</span> <span class='ocrx_word' id='word_1_46' title='bbox 516 1182 557 1229; x_wconf 78' lang='lat' dir='ltr'>the</span> <span class='ocrx_word' id='word_1_47' title='bbox 569 1183 653 1229; x_wconf 78' lang='lat' dir='ltr'>winda</span> <span class='ocrx_word' id='word_1_48' title='bbox 664 1183 717 1229; x_wconf 79' lang='lat' dir='ltr'>aad</span> <span class='ocrx_word' id='word_1_49' title='bbox 730 1181 813 1241; x_wconf 72' lang='lat' dir='ltr'>allans</span> <span class='ocrx_word' id='word_1_50' title='bbox 826 1183 866 1231; x_wconf 73' lang='lat' dir='ltr'>tlte</span> <span class='ocrx_word' id='word_1_51' title='bbox 878 1188 967 1231; x_wconf 80' lang='lat' dir='ltr'>slorm.</span> 
     </span>
    </p>
   </div>
   <div class='ocr_carea' id='block_1_4' title="bbox 175 1297 1125 1763">
    <p class='ocr_par' dir='ltr' id='par_1_5' title="bbox 175 1297 1125 1775">
     <span class='ocr_line' id='line_1_9' title="bbox 216 1297 930 1376; baseline 0.001 -19"><span class='ocrx_word' id='word_1_52' title='bbox 216 1299 343 1357; x_wconf 84' lang='lat' dir='ltr'>Interea</span> <span class='ocrx_word' id='word_1_53' title='bbox 356 1317 468 1374; x_wconf 89' lang='lat' dir='ltr'>magno</span> <span class='ocrx_word' id='word_1_54' title='bbox 484 1297 609 1358; x_wconf 82' lang='lat' dir='ltr'>misceri</span> <span class='ocrx_word' id='word_1_55' title='bbox 624 1316 783 1356; x_wconf 86' lang='lat' dir='ltr'>murmure</span> <span class='ocrx_word' id='word_1_56' title='bbox 797 1303 930 1376; x_wconf 84' lang='lat' dir='ltr'>pontum</span> 
     </span>
     <span class='ocr_line' id='line_1_10' title="bbox 175 1394 1087 1472; baseline -0.001 -18"><span class='ocrx_word' id='word_1_57' title='bbox 175 1394 384 1471; x_wconf 85' lang='lat' dir='ltr'>emissamque</span> <span class='ocrx_word' id='word_1_58' title='bbox 399 1394 535 1454; x_wconf 85' lang='lat' dir='ltr'>hiemem</span> <span class='ocrx_word' id='word_1_59' title='bbox 551 1394 650 1454; x_wconf 90' lang='lat' dir='ltr'>sensit</span> <span class='ocrx_word' id='word_1_60' title='bbox 664 1395 834 1472; x_wconf 75' lang='lat' dir='ltr'>Neptunus</span> <span class='ocrx_word' id='word_1_61' title='bbox 850 1400 882 1454; x_wconf 92' lang='lat' dir='ltr'>et</span> <span class='ocrx_word' id='word_1_62' title='bbox 896 1395 970 1456; x_wconf 88' lang='lat' dir='ltr'>imis</span> <span class='ocrx_word' id='word_1_63' title='bbox 1052 1419 1087 1468; x_wconf 74' lang='grc' dir='ltr'>ης</span> 
     </span>
     <span class='ocr_line' id='line_1_11' title="bbox 175 1491 1024 1568; baseline 0.001 -16"><span class='ocrx_word' id='word_1_64' title='bbox 175 1497 288 1568; x_wconf 84' lang='lat' dir='ltr'>stagna</span> <span class='ocrx_word' id='word_1_65' title='bbox 302 1491 410 1551; x_wconf 83' lang='lat' dir='ltr'>refusa</span> <span class='ocrx_word' id='word_1_66' title='bbox 424 1491 523 1566; x_wconf 86' lang='lat' dir='ltr'>vadis,</span> <span class='ocrx_word' id='word_1_67' title='bbox 538 1491 677 1568; x_wconf 88' lang='lat' dir='ltr'>graviter</span> <span class='ocrx_word' id='word_1_68' title='bbox 692 1497 882 1568; x_wconf 81' lang='lat' dir='ltr'>commotus3</span> <span class='ocrx_word' id='word_1_69' title='bbox 904 1497 938 1552; x_wconf 89' lang='lat' dir='ltr'>et</span> <span class='ocrx_word' id='word_1_70' title='bbox 952 1493 1024 1553; x_wconf 90' lang='lat' dir='ltr'>alto</span> 
     </span>
     <span class='ocr_line' id='line_1_12' title="bbox 176 1588 1125 1678; baseline 0.004 -31"><span class='ocrx_word' id='word_1_71' title='bbox 176 1588 371 1666; x_wconf 81' lang='lat' dir='ltr'>prospiciens</span> <span class='ocrx_word' id='word_1_72' title='bbox 386 1607 509 1648; x_wconf 91' lang='lat' dir='ltr'>summa</span> <span class='ocrx_word' id='word_1_73' title='bbox 522 1588 680 1666; x_wconf 86' lang='lat' dir='ltr'>placidum</span> <span class='ocrx_word' id='word_1_74' title='bbox 696 1594 790 1666; x_wconf 90' lang='lat' dir='ltr'>caput</span> <span class='ocrx_word' id='word_1_75' title='bbox 805 1588 921 1648; x_wconf 85' lang='lat' dir='ltr'>extulit</span> <span class='ocrx_word' id='word_1_76' title='bbox 935 1591 1036 1651; x_wconf 78' lang='lat' dir='ltr'>unda</span> <span class='ocrx_word' id='word_1_77' title='bbox 1124 1615 1125 1678; x_wconf 59' lang='lat' dir='ltr'>l</span> 
     </span>
     <span class='ocr_line' id='line_1_13' title="bbox 176 1684 980 1763; baseline 0.001 -19"><span class='ocrx_word' id='word_1_78' title='bbox 176 1685 349 1745; x_wconf 74' lang='lat' dir='ltr'>Disiectam</span> <span class='ocrx_word' id='word_1_79' title='bbox 364 1684 490 1745; x_wconf 84' lang='lat' dir='ltr'>Aeneae</span> <span class='ocrx_word' id='word_1_80' title='bbox 504 1689 571 1745; x_wconf 87' lang='lat' dir='ltr'>toto</span> <span class='ocrx_word' id='word_1_81' title='bbox 586 1684 674 1744; x_wconf 91' lang='lat' dir='ltr'>videt</span> <span class='ocrx_word' id='word_1_82' title='bbox 689 1704 822 1763; x_wconf 87' lang='lat' dir='ltr'>aequore</span> <span class='ocrx_word' id='word_1_83' title='bbox 838 1686 980 1763; x_wconf 83' lang='lat' dir='ltr'>classem,</span> 
     </span>
    </p>
   </div>
   <div class='ocr_carea' id='block_1_5' title="bbox 150 1781 1124 3214">
    <p class='ocr_par' dir='ltr' id='par_1_6' title="bbox 177 1781 895 1860">
     <span class='ocr_line' id='line_1_14' title="bbox 177 1781 895 1860; baseline 0 -19"><span class='ocrx_word' id='word_1_84' title='bbox 177 1781 323 1841; x_wconf 88' lang='lat' dir='ltr'>fiuctibus</span> <span class='ocrx_word' id='word_1_85' title='bbox 339 1800 504 1859; x_wconf 90' lang='lat' dir='ltr'>oppressos</span> <span class='ocrx_word' id='word_1_86' title='bbox 519 1783 616 1841; x_wconf 81' lang='lat' dir='ltr'>Troas</span> <span class='ocrx_word' id='word_1_87' title='bbox 631 1782 772 1860; x_wconf 88' lang='lat' dir='ltr'>caelique</span> <span class='ocrx_word' id='word_1_88' title='bbox 787 1782 895 1842; x_wconf 88' lang='lat' dir='ltr'>ruina:</span> 
     </span>
    </p>

    <p class='ocr_par' dir='ltr' id='par_1_7' title="bbox 177 1869 1124 1954">
     <span class='ocr_line' id='line_1_15' title="bbox 177 1869 1124 1954; baseline 0.002 -18"><span class='ocrx_word' id='word_1_89' title='bbox 177 1897 233 1938; x_wconf 90' lang='lat' dir='ltr'>neo</span> <span class='ocrx_word' id='word_1_90' title='bbox 248 1879 368 1937; x_wconf 88' lang='lat' dir='ltr'>latuere</span> <span class='ocrx_word' id='word_1_91' title='bbox 383 1878 448 1937; x_wconf 92' lang='lat' dir='ltr'>doli</span> <span class='ocrx_word' id='word_1_92' title='bbox 463 1880 596 1939; x_wconf 85' lang='lat' dir='ltr'>fratrem</span> <span class='ocrx_word' id='word_1_93' title='bbox 611 1879 743 1939; x_wconf 90' lang='lat' dir='ltr'>Iunonis</span> <span class='ocrx_word' id='word_1_94' title='bbox 758 1886 790 1938; x_wconf 89' lang='lat' dir='ltr'>et</span> <span class='ocrx_word' id='word_1_95' title='bbox 805 1880 878 1938; x_wconf 90' lang='lat' dir='ltr'>irae.</span> <span class='ocrx_word' id='word_1_96' title='bbox 1052 1908 1092 1954; x_wconf 84' lang='lat'>130</span> <span class='ocrx_word' id='word_1_97' title='bbox 1123 1869 1124 1874; x_wconf 31' lang='lat'>¹</span> 
     </span>
    </p>

    <p class='ocr_par' dir='ltr' id='par_1_8' title="bbox 177 1975 1091 2130">
     <span class='ocr_line' id='line_1_16' title="bbox 177 1975 1091 2054; baseline 0 -20"><span class='ocrx_word' id='word_1_98' title='bbox 177 1976 296 2034; x_wconf 86' lang='lat' dir='ltr'>Eurum</span> <span class='ocrx_word' id='word_1_99' title='bbox 325 1975 366 2034; x_wconf 87' lang='lat' dir='ltr'>ad</span> <span class='ocrx_word' id='word_1_100' title='bbox 400 1993 432 2034; x_wconf 91' lang='lat' dir='ltr'>se</span> <span class='ocrx_word' id='word_1_101' title='bbox 464 1976 706 2054; x_wconf 89' lang='lat' dir='ltr'>Zephyrumque</span> <span class='ocrx_word' id='word_1_102' title='bbox 735 1981 835 2051; x_wconf 89' lang='lat' dir='ltr'>vocat,</span> <span class='ocrx_word' id='word_1_103' title='bbox 865 1975 980 2037; x_wconf 85' lang='lat' dir='ltr'>dehine</span> <span class='ocrx_word' id='word_1_104' title='bbox 1011 1977 1091 2039; x_wconf 88' lang='lat' dir='ltr'>talia</span> 
     </span>
     <span class='ocr_line' id='line_1_17' title="bbox 258 2072 361 2130; baseline 0 0"><span class='ocrx_word' id='word_1_105' title='bbox 258 2072 361 2130; x_wconf 85' lang='lat' dir='ltr'>fatur:</span> 
     </span>
    </p>

    <p class='ocr_par' dir='ltr' id='par_1_9' title="bbox 178 2169 1123 2632">
     <span class='ocr_line' id='line_1_18' title="bbox 219 2169 1123 2246; baseline 0.003 -19"><span class='ocrx_word' id='word_1_106' title='bbox 219 2169 378 2228; x_wconf 84' lang='lat' dir='ltr'>‘Tantane</span> <span class='ocrx_word' id='word_1_107' title='bbox 393 2188 449 2229; x_wconf 86' lang='lat' dir='ltr'>vos</span> <span class='ocrx_word' id='word_1_108' title='bbox 466 2169 589 2246; x_wconf 85' lang='lat' dir='ltr'>generis</span> <span class='ocrx_word' id='word_1_109' title='bbox 605 2169 709 2229; x_wconf 84' lang='lat' dir='ltr'>tenuit</span> <span class='ocrx_word' id='word_1_110' title='bbox 724 2169 840 2230; x_wconf 88' lang='lat' dir='ltr'>fiducia</span> <span class='ocrx_word' id='word_1_111' title='bbox 853 2169 981 2230; x_wconf 86' lang='lat' dir='ltr'>vestri?</span> <span class='ocrx_word' id='word_1_112' title='bbox 1122 2187 1123 2190; x_wconf 72' lang='grc'>’</span> 
     </span>
     <span class='ocr_line' id='line_1_19' title="bbox 178 2265 1003 2344; baseline 0.002 -20"><span class='ocrx_word' id='word_1_113' title='bbox 178 2265 241 2324; x_wconf 91' lang='lat' dir='ltr'>iam</span> <span class='ocrx_word' id='word_1_114' title='bbox 256 2265 377 2325; x_wconf 89' lang='lat' dir='ltr'>caelum</span> <span class='ocrx_word' id='word_1_115' title='bbox 391 2271 571 2344; x_wconf 88' lang='lat' dir='ltr'>terramque</span> <span class='ocrx_word' id='word_1_116' title='bbox 586 2284 655 2325; x_wconf 89' lang='lat' dir='ltr'>meo</span> <span class='ocrx_word' id='word_1_117' title='bbox 669 2266 737 2326; x_wconf 90' lang='lat' dir='ltr'>sine</span> <span class='ocrx_word' id='word_1_118' title='bbox 752 2266 889 2340; x_wconf 89' lang='lat' dir='ltr'>numine,</span> <span class='ocrx_word' id='word_1_119' title='bbox 905 2269 1003 2340; x_wconf 85' lang='lat' dir='ltr'>venti,</span> 
     </span>
     <span class='ocr_line' id='line_1_20' title="bbox 178 2362 1089 2438; baseline 0.004 -18"><span class='ocrx_word' id='word_1_120' title='bbox 178 2362 316 2435; x_wconf 87' lang='lat' dir='ltr'>miscere,</span> <span class='ocrx_word' id='word_1_121' title='bbox 334 2366 366 2420; x_wconf 90' lang='lat' dir='ltr'>et</span> <span class='ocrx_word' id='word_1_122' title='bbox 380 2367 486 2421; x_wconf 83' lang='lat' dir='ltr'>tantas</span> <span class='ocrx_word' id='word_1_123' title='bbox 502 2363 626 2422; x_wconf 88' lang='lat' dir='ltr'>audetis</span> <span class='ocrx_word' id='word_1_124' title='bbox 641 2363 753 2422; x_wconf 89' lang='lat' dir='ltr'>tollere</span> <span class='ocrx_word' id='word_1_125' title='bbox 769 2363 894 2422; x_wconf 87' lang='lat' dir='ltr'>moles?</span> <span class='ocrx_word' id='word_1_126' title='bbox 1049 2393 1089 2438; x_wconf 79' lang='lat'>134</span> 
     </span>
     <span class='ocr_line' id='line_1_21' title="bbox 179 2457 1068 2536; baseline 0.003 -20"><span class='ocrx_word' id='word_1_127' title='bbox 179 2477 256 2536; x_wconf 90' lang='lat' dir='ltr'>quos</span> <span class='ocrx_word' id='word_1_128' title='bbox 272 2476 330 2534; x_wconf 89' lang='lat' dir='ltr'>ego</span> <span class='ocrx_word' id='word_1_129' title='bbox 340 2459 445 2518; x_wconf 88' lang='lat' dir='ltr'>—sed</span> <span class='ocrx_word' id='word_1_130' title='bbox 459 2465 560 2518; x_wconf 92' lang='lat' dir='ltr'>motos</span> <span class='ocrx_word' id='word_1_131' title='bbox 577 2464 717 2536; x_wconf 74' lang='lat' dir='ltr'>praestat</span> <span class='ocrx_word' id='word_1_132' title='bbox 732 2476 916 2535; x_wconf 87' lang='lat' dir='ltr'>componere</span> <span class='ocrx_word' id='word_1_133' title='bbox 931 2457 1068 2521; x_wconf 88' lang='lat' dir='ltr'>fluctus:</span> 
     </span>
     <span class='ocr_line' id='line_1_22' title="bbox 178 2553 948 2632; baseline 0 -20"><span class='ocrx_word' id='word_1_134' title='bbox 178 2559 251 2632; x_wconf 88' lang='lat' dir='ltr'>post</span> <span class='ocrx_word' id='word_1_135' title='bbox 266 2554 344 2612; x_wconf 91' lang='lat' dir='ltr'>mihi</span> <span class='ocrx_word' id='word_1_136' title='bbox 360 2573 423 2613; x_wconf 94' lang='lat' dir='ltr'>non</span> <span class='ocrx_word' id='word_1_137' title='bbox 437 2553 535 2613; x_wconf 83' lang='lat' dir='ltr'>simili</span> <span class='ocrx_word' id='word_1_138' title='bbox 550 2573 650 2631; x_wconf 89' lang='lat' dir='ltr'>poena</span> <span class='ocrx_word' id='word_1_139' title='bbox 664 2554 831 2613; x_wconf 85' lang='lat' dir='ltr'>commissa</span> <span class='ocrx_word' id='word_1_140' title='bbox 844 2553 948 2612; x_wconf 90' lang='lat' dir='ltr'>luetis.</span> 
     </span>
    </p>

    <p class='ocr_par' dir='ltr' id='par_1_10' title="bbox 179 2649 1088 3115">
     <span class='ocr_line' id='line_1_23' title="bbox 179 2649 961 2728; baseline -0.003 -19"><span class='ocrx_word' id='word_1_141' title='bbox 179 2653 338 2710; x_wconf 87' lang='lat' dir='ltr'>Maturate</span> <span class='ocrx_word' id='word_1_142' title='bbox 354 2651 470 2726; x_wconf 88' lang='lat' dir='ltr'>fugam,</span> <span class='ocrx_word' id='word_1_143' title='bbox 488 2651 616 2728; x_wconf 88' lang='lat' dir='ltr'>regique</span> <span class='ocrx_word' id='word_1_144' title='bbox 635 2650 711 2709; x_wconf 87' lang='lat' dir='ltr'>haec</span> <span class='ocrx_word' id='word_1_145' title='bbox 726 2649 822 2710; x_wconf 86' lang='lat' dir='ltr'>dicite</span> <span class='ocrx_word' id='word_1_146' title='bbox 838 2654 961 2707; x_wconf 88' lang='lat' dir='ltr'>vestro:</span> 
     </span>
     <span class='ocr_line' id='line_1_24' title="bbox 179 2745 1009 2824; baseline -0.004 -17"><span class='ocrx_word' id='word_1_147' title='bbox 179 2767 242 2807; x_wconf 93' lang='lat' dir='ltr'>non</span> <span class='ocrx_word' id='word_1_148' title='bbox 256 2747 305 2807; x_wconf 90' lang='lat' dir='ltr'>illi</span> <span class='ocrx_word' id='word_1_149' title='bbox 320 2747 488 2824; x_wconf 86' lang='lat' dir='ltr'>imperium</span> <span class='ocrx_word' id='word_1_150' title='bbox 502 2747 606 2823; x_wconf 85' lang='lat' dir='ltr'>pelagi</span> <span class='ocrx_word' id='word_1_151' title='bbox 622 2765 813 2824; x_wconf 88' lang='lat' dir='ltr'>saevumque</span> <span class='ocrx_word' id='word_1_152' title='bbox 828 2745 1009 2820; x_wconf 84' lang='lat' dir='ltr'>tridentem,</span> 
     </span>
     <span class='ocr_line' id='line_1_25' title="bbox 179 2841 1037 2921; baseline 0 -17"><span class='ocrx_word' id='word_1_153' title='bbox 179 2845 234 2904; x_wconf 88' lang='lat' dir='ltr'>sed</span> <span class='ocrx_word' id='word_1_154' title='bbox 248 2844 327 2903; x_wconf 89' lang='lat' dir='ltr'>mihi</span> <span class='ocrx_word' id='word_1_155' title='bbox 342 2849 425 2903; x_wconf 89' lang='lat' dir='ltr'>sorte</span> <span class='ocrx_word' id='word_1_156' title='bbox 441 2844 558 2902; x_wconf 88' lang='lat' dir='ltr'>datum.</span> <span class='ocrx_word' id='word_1_157' title='bbox 602 2845 702 2903; x_wconf 79' lang='lat' dir='ltr'>Tenet</span> <span class='ocrx_word' id='word_1_158' title='bbox 717 2843 771 2902; x_wconf 94' lang='lat' dir='ltr'>ille</span> <span class='ocrx_word' id='word_1_159' title='bbox 787 2841 937 2901; x_wconf 89' lang='lat' dir='ltr'>immania</span> <span class='ocrx_word' id='word_1_160' title='bbox 952 2861 1037 2921; x_wconf 84' lang='lat' dir='ltr'>saxa,</span> 
     </span>
     <span class='ocr_line' id='line_1_26' title="bbox 179 2939 1088 3017; baseline 0.003 -17"><span class='ocrx_word' id='word_1_161' title='bbox 179 2947 309 3016; x_wconf 86' lang='lat' dir='ltr'>vestras,</span> <span class='ocrx_word' id='word_1_162' title='bbox 326 2941 419 3014; x_wconf 82' lang='lat' dir='ltr'>Eure,</span> <span class='ocrx_word' id='word_1_163' title='bbox 435 2940 560 3016; x_wconf 86' lang='lat' dir='ltr'>domos;</span> <span class='ocrx_word' id='word_1_164' title='bbox 583 2940 640 3000; x_wconf 89' lang='lat' dir='ltr'>illa</span> <span class='ocrx_word' id='word_1_165' title='bbox 655 2959 688 3000; x_wconf 89' lang='lat' dir='ltr'>se</span> <span class='ocrx_word' id='word_1_166' title='bbox 703 2939 799 3000; x_wconf 89' lang='lat' dir='ltr'>iactet</span> <span class='ocrx_word' id='word_1_167' title='bbox 814 2940 846 2999; x_wconf 91' lang='lat' dir='ltr'>in</span> <span class='ocrx_word' id='word_1_168' title='bbox 863 2939 935 2999; x_wconf 88' lang='lat' dir='ltr'>aula</span> <span class='ocrx_word' id='word_1_169' title='bbox 1046 2973 1088 3017; x_wconf 81' lang='lat'>140</span> 
     </span>
     <span class='ocr_line' id='line_1_27' title="bbox 179 3037 927 3115; baseline 0 -19"><span class='ocrx_word' id='word_1_170' title='bbox 179 3037 297 3097; x_wconf 83' lang='lat' dir='ltr'>Aeolus</span> <span class='ocrx_word' id='word_1_171' title='bbox 313 3042 345 3098; x_wconf 90' lang='lat' dir='ltr'>et</span> <span class='ocrx_word' id='word_1_172' title='bbox 359 3037 465 3098; x_wconf 84' lang='lat' dir='ltr'>clauso</span> <span class='ocrx_word' id='word_1_173' title='bbox 481 3043 646 3098; x_wconf 90' lang='lat' dir='ltr'>ventorum</span> <span class='ocrx_word' id='word_1_174' title='bbox 661 3056 783 3098; x_wconf 86' lang='lat' dir='ltr'>carcere</span> <span class='ocrx_word' id='word_1_175' title='bbox 798 3037 927 3115; x_wconf 70' lang='lat' dir='ltr'>regnet!</span> 
     </span>
    </p>

    <p class='ocr_par' dir='ltr' id='par_1_11' title="bbox 150 3115 1016 3214">
     <span class='ocr_line' id='line_1_28' title="bbox 150 3115 1016 3214; baseline 0.003 -21"><span class='ocrx_word' id='word_1_176' title='bbox 150 3115 188 3172; x_wconf 43' lang='grc' dir='ltr'><strong><em>ὓ</em></strong></span> <span class='ocrx_word' id='word_1_177' title='bbox 221 3134 272 3193; x_wconf 90' lang='lat' dir='ltr'>Sic</span> <span class='ocrx_word' id='word_1_178' title='bbox 287 3135 341 3209; x_wconf 87' lang='lat' dir='ltr'>ait,</span> <span class='ocrx_word' id='word_1_179' title='bbox 358 3141 390 3195; x_wconf 87' lang='lat' dir='ltr'>et</span> <span class='ocrx_word' id='word_1_180' title='bbox 404 3135 489 3195; x_wconf 84' lang='lat' dir='ltr'>dicto</span> <span class='ocrx_word' id='word_1_181' title='bbox 504 3135 598 3197; x_wconf 84' lang='lat' dir='ltr'>citius</span> <span class='ocrx_word' id='word_1_182' title='bbox 614 3136 737 3196; x_wconf 87' lang='lat' dir='ltr'>tumida</span> <span class='ocrx_word' id='word_1_183' title='bbox 750 3155 887 3214; x_wconf 89' lang='lat' dir='ltr'>aequora</span> <span class='ocrx_word' id='word_1_184' title='bbox 901 3135 1016 3213; x_wconf 88' lang='lat' dir='ltr'>placat,</span> 
     </span>
    </p>
   </div>
   <div class='ocr_carea' id='block_1_6' title="bbox 0 0 1164 3594">
    <p class='ocr_par' dir='ltr' id='par_1_12' title="bbox 0 0 1164 3594">
     <span class='ocr_line' id='line_1_29' title="bbox 0 0 1164 3594; baseline 0 0"><span class='ocrx_word' id='word_1_185' title='bbox 0 0 1164 3594; x_wconf 95' lang='lat' dir='ltr'> </span> 
     </span>
    </p>
   </div>
  </div>
 </body>
</html>
