2300 3594
400 363 521 414 LIBER
543 363 569 413 1.

43 534 244 612 collectasque
258 533 350 612 fugat
364 532 464 593 nubes
479 531 640 610 solemque
654 531 784 592 reducit.

44 631 208 708 Cymothoe
223 631 318 691 simul
333 636 365 690 et
380 629 491 689 Triton
507 630 642 690 adnixus
658 635 751 689 acuto

44 728 210 787 detrudunt
222 727 312 787 navis
327 726 473 804 scopu103
495 726 582 786 levat
596 727 664 804 ipse
678 726 812 786 tridenti
901 751 940 801 ยน45

44 829 72 882 et
85 829 187 884 vastas
202 823 305 902 aperit
319 823 417 901 syrtis
433 829 465 882 et
479 828 635 900 temperat
650 841 775 901 aequor,

44 925 130 997 atque
144 919 222 1014 rqtis
238 937 376 1016 summqs
392 919 515 999 iegibus
531 919 706 997 perlabitur
719 920 831 980 undas.

44 1016 86 1076 Ac
99 1017 197 1076 veluti
211 1035 324 1094 magno
338 1016 373 1074 in
387 1015 504 1094 populo
519 1035 590 1076 eum
605 1033 697 1094 saepe
712 1022 819 1076 coorta
832 1021 882 1076 est

44 1113 159 1188 seditio,
176 1113 339 1191 saevitque
355 1112 469 1173 animis
484 1112 623 1191 ignobile
638 1113 759 1191 volgus,

44 1208 161 1287 iamque
170 1210 256 1270 faces
264 1214 297 1271 et
306 1210 507 1285 saxavolant,
519 1210 609 1269 furor
618 1227 705 1270 arma
713 1209 890 1269 ministrat:
902 1236 943 1284 150

45 1310 106 1364 tum
120 1307 237 1385 pietate
252 1326 381 1385 gravem
395 1325 430 1366 eo
445 1306 567 1366 meritis
586 1307 614 1366 si
632 1305 715 1366 forte
729 1306 832 1366 virum
848 1317 955 1384 quem'

45 1419 235 1481 conspexere,
252 1403 348 1463 silent
361 1403 554 1480 arrectisque
572 1402 700 1462 auribus
715 1403 860 1478 adstant3

46 1497 95 1559 ille
109 1501 189 1578 regit
202 1501 296 1560 dictis
311 1501 442 1575 animos,
457 1505 491 1559 et
504 1505 631 1577 pectora
645 1500 780 1560 mulcet:

47 1595 87 1654 sic
102 1603 231 1657 cunctus
246 1597 350 1675 pelagi
365 1596 479 1657 cecidit
493 1597 609 1673 fragor,
625 1582 761 1674 aequora
775 1601 943 1675 postquam

47 1677 232 1770 prospiciens
247 1693 371 1774 genitqr
384 1693 534 1770 caeloque
550 1693 694 1776 invectus
710 1700 819 1771 aperto
852 1717 855 1724 โด
904 1721 942 1769 ยน55

47 1785 139 1850 flectit
152 1808 249 1869 equos
265 1808 420 1868 curruque
436 1789 545 1850 volans
560 1790 616 1849 dat
630 1790 698 1849 lora
712 1791 860 1850 secundo.

89 1962 136 2010 The
150 1964 258 2022 Trojano
270 1962 332 2010 laad
342 1965 371 2010 ia
381 1976 398 2010 o
408 1962 534 2011 stellered
543 1968 599 2021 spot
609 1965 663 2010 aad
669 1976 779 2022 prepare
791 1977 808 2010 o
818 1964 894 2011 meol.

84 2080 208 2141 Defessi
223 2079 400 2155 Aeneadae,
416 2099 496 2158 quae
511 2080 657 2158 proxima
670 2080 773 2155 litora,
790 2100 884 2141 cursu

49 2179 234 2237 contendunt
249 2182 367 2255 petere,
382 2182 414 2236 et
429 2177 549 2255 Libyae
564 2182 732 2237 vertuntur
747 2179 788 2237 ad
802 2197 881 2238 oras.

50 2270 102 2331 Est
115 2273 148 2332 in
162 2292 286 2334 secessu
301 2274 395 2350 longo
409 2274 513 2333 locus:
536 2273 641 2333 insula
654 2279 780 2351 portum

50 2367 136 2459 efficit
149 2371 275 2430 obiectu
288 2370 433 2444 laterum,
449 2369 563 2447 quibus
579 2370 681 2430 omnis
696 2371 736 2430 ab
750 2371 816 2431 aito
906 2389 947 2433 160

50 2463 199 2543 frangitur
213 2468 310 2544 inque
325 2467 412 2526 sinus
428 2467 545 2526 scindit
561 2485 629 2527 sese
643 2468 729 2527 unda
743 2469 898 2529 reductos.

51 2559 127 2623 Hinc
141 2570 236 2641 atque
250 2563 325 2622 hinc
339 2569 447 2622 vastae
463 2581 557 2640 rupes
574 2564 752 2642 geminique
768 2565 930 2625 minantur

50 2654 79 2714 in
91 2661 209 2719 caelum
225 2660 353 2738 scopuli,
371 2679 503 2738 quorum
519 2661 578 2719 sub
592 2661 710 2721 vertice
725 2661 789 2721 late

41 2769 177 2832 ,aequora
190 2761 262 2816 tuta
276 2757 387 2816 silent:
411 2763 478 2816 tum
494 2757 585 2817 silvis
600 2727 713 2818 scabna
726 2759 863 2819 coruscis
907 2776 948 2833 164

51 2847 176 2929 desuper
189 2853 392 2930 horrentique
407 2859 510 2913 atrum
527 2874 637 2914 nemus
658 2854 803 2914 imminet
817 2857 947 2932 umbra3

51 2943 147 3009 fronte
161 2951 219 3010 sub
233 2950 365 3009 adversa
380 2950 518 3028 scopulis
534 2951 745 3028 pendentibus
761 2957 896 3029 antrum,

52 3039 129 3104 intus
143 3065 241 3125 aquae
256 3047 364 3107 dulces
402 3047 516 3124 ivoque
531 3048 645 3108 sedilia
659 3067 744 3123 saxo,

53 3143 252 3220 nympharum
267 3143 376 3203 domus
415 3141 468 3204 hio
482 3144 584 3204 fessas
598 3164 663 3204 non
677 3145 804 3205 vincula
818 3147 909 3206 navis
