2300 3594
27 117 89 330 i

44 569 165 626 Marcum
184 569 207 614 is
217 571 274 616 sent
284 566 359 612 down
369 571 393 613 to
405 567 532 625 influente
542 565 619 622 Dido,
634 565 720 626 Queea
730 568 762 626 os
775 565 913 626 Uerticone,
924 579 952 614 so

342 652 371 687 as
382 645 407 687 to
418 640 534 688 melcoma
544 639 654 690 Aeneas.

410 333 531 384 arana
552 333 576 387 1.
908 319 951 384 13

85 735 175 809 Haeo
190 747 244 824 ait,
261 752 293 808 et
308 747 394 808 Maia
407 748 551 825 genitum
565 747 706 808 demittit
721 748 760 809 ab
774 750 850 824 altn,

44 853 79 906 ut
93 851 195 906 terrae
210 850 308 922 utque
323 863 422 904 novae
436 849 566 922 pateant
580 844 791 922 Karthaginis
805 863 891 906 arnas

44 941 182 1021 hospitio
197 941 335 1016 Teneris,
352 959 390 1000 ne
406 941 467 1000 fati
481 941 588 1002 nesoia
602 941 685 1001 Dido

45 1039 159 1099 finibus
173 1041 303 1098 arceret.
346 1037 443 1099 Volat
457 1037 512 1096 ille
527 1057 583 1116 per
597 1044 670 1098 aera
684 1057 832 1115 magnum
911 1067 954 1113 300

46 1135 175 1213 remigio
190 1134 320 1209 alarum,
336 1153 371 1194 ao
386 1134 506 1212 Libyae
522 1135 603 1194 oitus
619 1135 724 1194 astitit
738 1135 809 1195 oris.

46 1234 86 1291 Et
101 1233 164 1291 iam
179 1231 267 1290 iussa
281 1230 368 1305 facit,
385 1237 570 1308 ponuntque
586 1231 705 1291 ferooia
718 1232 819 1291 Poeni

47 1329 139 1388 eorda
152 1327 280 1387 volente
296 1328 370 1402 deo;
393 1327 551 1406 inprimis
567 1328 675 1405 regina
690 1329 832 1406 quietum

47 1425 161 1503 aooipit
174 1423 209 1483 in
224 1425 362 1484 Teucros
376 1424 516 1482 animum
531 1430 731 1503 mentemque
747 1425 922 1502 benignam.

48 1601 146 1648 Aeaeos
162 1603 191 1647 ia
208 1600 248 1646 the
264 1601 396 1659 merainy,
408 1600 510 1658 leaviay
526 1601 566 1647 hz's
578 1602 639 1658 fleat
655 1602 773 1655 seoretect
784 1601 897 1658 explores
914 1601 955 1648 the

103 1680 213 1732 country
232 1675 286 1721 aad
301 1679 380 1722 meets
398 1675 439 1722 his
456 1675 555 1722 mother
571 1675 663 1731 Venus,
682 1676 737 1722 who
761 1675 817 1723 tells
837 1676 892 1722 him
914 1676 955 1722 the

102 1749 182 1796 whole
193 1754 264 1806 story
277 1749 308 1805 os
320 1749 396 1795 Dido.

86 1854 130 1915 At
145 1854 216 1933 pius
232 1854 364 1930 Aeneas,
380 1858 574 1933 pernoctem
588 1855 725 1933 plurima
738 1856 878 1932 volvens,
914 1884 954 1932 305

49 1956 83 2010 ut
96 1952 234 2030 primum
248 1951 305 2011 lux
319 1951 403 2011 aima
416 1953 490 2012 data
504 1957 562 2026 est,
578 1952 663 2012 exire
678 1952 825 2030 locosque

51 2049 211 2125 explorare
226 2066 334 2123 noros,
350 2067 427 2126 quas
442 2055 538 2108 rento
553 2049 720 2109 accesserit
735 2068 814 2124 oras,

52 2144 104 2220 qui
130 2150 270 2220 teneant,
286 2179 326 2190 -
339 2164 413 2205 nam
448 2145 569 2205 ineulta
602 2145 699 2221 videt,
714 2182 755 2193 -
771 2145 953 2206 hominesne

127 2242 264 2316 feraene,

53 2354 198 2412 quaerere
213 2338 380 2399 constituit
395 2339 549 2417 sociisque
564 2345 675 2399 exacta
689 2340 815 2399 referre.

53 2431 190 2495 Classem
204 2435 239 2494 in
254 2454 394 2495 oonvexo
409 2455 571 2495 nemorum
588 2437 647 2495 sub
660 2456 738 2514 rupe
753 2442 864 2496 cavata
916 2465 958 2511 310

53 2529 209 2592 arboribus
225 2531 363 2591 olausam
379 2531 496 2592 oiroum
510 2538 606 2609 atque
621 2532 823 2592 horrentibus
839 2532 956 2592 umbris

53 2627 184 2705 oooulit3
207 2628 275 2706 ipse
289 2647 352 2687 uno
367 2629 509 2705 graditur
523 2628 691 2689 comitatus
707 2629 839 2704 Achate,

54 2719 124 2782 bina
136 2743 232 2784 manu
246 2724 312 2785 lato
328 2725 470 2802 crispans
485 2725 615 2785 hastilia
628 2726 722 2785 ferro.

55 2815 109 2877 Cui
123 2827 224 2881 mater
238 2821 343 2881 media
357 2840 425 2881 sese
439 2822 517 2882 tulit
530 2823 624 2883 obvia
637 2823 728 2898 silva,

54 2913 182 2992 virginis
198 2937 233 2978 os
248 2918 453 2996 habitumque
469 2937 579 2996 gerens
595 2925 627 2978 et
641 2919 774 2996 virginis
789 2937 884 2995 arma,
917 2944 957 2994 315

35 3058 38 3065 .
56 3007 233 3091 Spartanae,
251 3015 301 3074 vel
316 3015 418 3093 qualis
433 3034 530 3093 equos
546 3015 693 3075 Threissa
707 3015 825 3093 fatigat

56 3103 232 3191 Harpalyce
246 3112 468 3190 volueramque
486 3113 563 3190 fuga
580 3113 791 3190 praevertitur
805 3113 959 3175 Hebrum.
