2300 3594
438 387 559 438 arnan
581 388 607 437 1.
929 373 972 438 19

52 624 165 672 Aeneae
176 626 260 668 enters
270 633 287 666 α
302 633 377 679 grove
393 621 476 668 where
487 633 503 667 a
515 621 604 678 temple
615 623 638 668 ie
648 623 677 668 in
688 621 805 679 buildiaq
817 627 841 669 to
852 621 933 678 June,
942 625 972 670 ia

116 695 204 743 retich
223 695 257 756 he,
273 695 417 751 recognitor
437 693 492 741 well
510 694 604 742 kavren
621 696 749 742 incidente
766 696 797 753 os
814 696 855 743 tte
876 696 972 755 trojan

116 782 184 818 war.

98 855 210 912 Lueus
224 851 257 910 in
271 852 348 911 urbe
363 851 428 910 fuit
443 851 554 926 media,
569 851 762 912 laetissimus
778 853 915 921 umbrae.

53 969 122 1028 quo
137 948 278 1027 primum
292 948 404 1008 iactati
418 947 512 1008 undis
528 953 561 1008 et
579 948 706 1007 turbiue
720 948 820 1009 Poeni

53 1046 202 1106 effodere
215 1044 284 1124 loen
299 1044 434 1120 signum,
450 1045 536 1122 quod
550 1044 636 1121 regia
650 1045 731 1104 Iuno
888 1035 892 1044 ⁸

53 1143 263 1211 monstrarat,
279 1143 374 1215 eaput
387 1137 468 1197 aeris
483 1139 574 1216 equi:
597 1138 642 1198 sie
656 1157 731 1198 nam
745 1139 812 1198 fore
826 1139 910 1200 bello

53 1235 221 1314 egregiam
236 1239 267 1294 et
282 1233 410 1294 facilem
424 1235 511 1294 victu
526 1253 581 1313 per
595 1235 721 1295 saecula
735 1241 869 1312 gentem.
929 1265 971 1313 445

54 1333 124 1393 Hie
138 1332 296 1408 ternplum
311 1330 428 1390 Iunoni
441 1331 552 1408 ingens
568 1332 698 1392 Sidonia
712 1333 796 1392 Dido

54 1428 225 1502 condebat,
241 1428 332 1487 donis
347 1427 531 1505 opulentum
546 1433 578 1488 et
592 1428 721 1489 numine
735 1429 835 1504 divae,

54 1544 154 1585 aerea
168 1519 219 1584 eui
234 1524 382 1602 gradibus
397 1525 568 1601 surgebant
583 1524 695 1586 limina
709 1545 869 1605 nexaeque

54 1641 132 1682 aere
147 1615 262 1695 trabes,
278 1620 400 1680 foribus
416 1622 509 1681 eardo
525 1621 679 1682 stridebat
693 1623 788 1683 a'enis,

55 1720 132 1779 Hoc
146 1717 283 1796 primum
298 1716 333 1775 in
347 1717 417 1776 lueo
432 1737 514 1778 nova
529 1738 578 1778 res
595 1719 702 1780 oblata
714 1720 860 1781 timorem
929 1751 972 1798 45⁰

54 1814 162 1889 leniit,
178 1813 230 1872 hie
245 1813 380 1890 primum
396 1799 520 1874 Aeneae
537 1834 662 1893 sperare
678 1816 813 1877 salutem

55 1929 155 1972 ausus
169 1915 204 1986 et
218 1909 353 1970 adflictis
369 1911 482 1970 melius
497 1911 652 1972 confidere
667 1913 768 1974 rebus.

55 2009 206 2085 Namque
222 2006 280 2066 sub
294 2007 417 2083 ingenti
431 2007 549 2068 lustrat
564 2009 638 2068 dum
653 2009 777 2086 singula
790 2012 910 2091 templo

56 2104 202 2181 reginam
217 2103 393 2180 opperiens,
410 2104 492 2178 dum,
507 2123 587 2182 quae
602 2106 732 2166 fortuna
746 2107 789 2167 eit
803 2109 882 2183 urbi,

55 2201 280 2278 artificumque
295 2219 406 2260 manus
422 2200 506 2260 inter
520 2220 553 2261 se
570 2221 760 2281 operumque
775 2204 914 2265 laborem
928 2235 968 2282 455

56 2297 203 2372 miretur,
219 2296 307 2356 videt
323 2296 437 2356 Iliacas
454 2315 493 2356 ex
508 2299 617 2358 ordine
632 2318 752 2377 pugnae

55 2393 205 2472 bellaque
220 2394 281 2454 iam
298 2395 384 2454 fama
398 2400 501 2455 totum
516 2395 644 2471 volgata
657 2415 713 2474 per
727 2399 842 2474 orbem,

55 2481 191 2550 Atridas
206 2491 429 2568 Priamumque
448 2497 480 2551 et
498 2509 626 2552 saevum
646 2494 794 2554 ambobus
810 2497 967 2558 Achillen.

56 2587 224 2662 Constitit,
252 2593 285 2648 et
312 2588 479 2648 lacrimans
509 2589 602 2660 ‘Quis
630 2589 693 2650 iam
721 2591 828 2666 loeus,'
854 2593 968 2672 inquit,

144 2683 290 2760 ‘Achate

56 2799 141 2860 quae
155 2781 240 2858 regio
255 2781 289 2840 in
303 2782 397 2842 terris
413 2783 513 2842 nostri
528 2803 591 2843 non
605 2783 700 2861 plena
713 2784 856 2846 laboris?
926 2805 969 2861 460

55 2879 110 2938 En
129 2877 282 2937 Priamus.
327 2878 407 2938 Sunt
421 2879 473 2938 hie
488 2880 583 2939 etiam
600 2899 657 2940 sua
670 2883 809 2958 praemia
823 2883 925 2959 laudi3

57 2979 137 3035 eunt
150 2974 297 3034 lacrimae
312 2994 417 3034 rerum
432 2981 465 3036 et
478 2982 616 3037 mentem
631 2978 778 3039 mortalia
791 2983 935 3056 tangunt.

57 3071 154 3132 Solve
168 3076 288 3146 metus3
311 3072 393 3132 feret
405 3071 482 3132 haee
493 3073 632 3150 aliquam
643 3073 703 3133 tibi
714 3075 801 3134 fama
811 3074 966 3136 salutem!

57 3167 112 3228 Sic
127 3167 183 3242 ait,
197 3172 293 3246 atque
307 3169 447 3228 animum
461 3170 585 3247 pictura
598 3171 700 3247 pascit
713 3170 809 3247 inani,
