2300 3594
432 341 553 394 creua
575 343 599 394 r.
924 327 966 393 23

44 511 215 592 permitur
228 510 359 590 petria?
380 511 521 590 hospitio
536 463 739 589 prohibeinnr
754 512 906 587 harenae3
924 538 966 587 540

44 609 140 670 bella
154 609 249 684 cient,
265 607 428 686 primaque
443 613 554 692 vetant
568 608 740 669 consistere
754 615 847 669 terra.

46 706 84 766 Si
99 723 205 783 genus
220 704 392 765 humanum
406 710 439 765 eb
454 705 601 766 mortalia
615 705 759 765 temnitis
775 725 868 781 anna,

46 809 82 863 at
97 806 229 881 sperate
244 801 318 862 deos
333 819 486 862 memores
500 802 592 862 fandi
606 808 701 880 atque
716 803 855 862 nefandi.

45 901 124 960 Rex
140 902 211 958 erat
224 897 347 958 Aeneas
361 899 461 973 nobis,
477 917 539 976 quo
554 898 668 958 iustior
682 899 762 959 alter

46 1015 109 1057 nee
126 995 249 1074 pietate
264 995 328 1056 fuir
341 1014 399 1058 nec
413 995 496 1056 bello
512 995 612 1056 maior
626 1002 658 1056 et
672 997 784 1056 armis:
921 1024 961 1072 545

47 1113 150 1171 quem
166 1092 194 1154 si
208 1092 276 1152 fata
289 1092 394 1153 virum
408 1069 545 1167 seriani,
561 1094 588 1154 si
603 1073 742 1154 vesicitur
756 1112 832 1154 aura

26 1189 198 1252 'aetheria
212 1207 312 1267 neque
325 1189 429 1268 adhuc
443 1191 622 1252 crudelibus
637 1191 767 1250 occubat
781 1191 909 1268 umbris,

46 1307 118 1347 non
132 1292 246 1346 metus.
290 1270 399 1349 Officio
413 1306 471 1347 nec
485 1293 518 1346 te
531 1294 669 1347 certasse
684 1288 821 1366 priorem

18 1397 36 1423 ’τ
46 1383 234 1463 paeniteat:
257 1389 379 1446 suntet
394 1383 509 1445 Siculis
524 1385 702 1462 regionibus
717 1387 810 1446 urbes

47 1499 214 1558 armaque,
225 1480 423 1558 Troianoque
438 1500 458 1540 a
472 1483 623 1559 sanguine
638 1483 741 1542 clarus
756 1482 896 1544 Acestes.
921 1511 963 1558 55ο

27 1579 243 1649 'Quassatam
257 1577 362 1638 ventis
376 1578 473 1638 liceat
487 1579 660 1638 subducere
675 1579 808 1638 classem

47 1681 83 1734 et
99 1673 192 1734 silvis
207 1680 316 1752 aptare
330 1675 435 1736 trabes
451 1681 483 1734 ei
498 1677 652 1752 stringere
668 1695 785 1736 remos:

48 1772 79 1832 si
94 1772 191 1830 datur
206 1771 344 1846 Italiam,
360 1772 452 1832 sociis
468 1777 500 1831 et
514 1792 586 1850 rege
601 1779 736 1850 recepto,

48 1868 193 1942 tendere,
208 1874 245 1927 ul
259 1867 388 1928 Italiam
402 1868 479 1928 laeti
494 1869 683 1946 Latiumque
697 1875 859 1948 petamus3

50 1965 104 2025 sin
115 1965 284 2042 absumpm
295 1965 389 2040 salus,
402 1971 434 2025 et
447 1971 488 2042 te,
500 1972 590 2043 paler
601 1971 728 2043 optume
739 1969 901 2041 Teucrum,
921 1995 961 2044 555

49 2066 172 2140 pontus
186 2061 283 2122 habeb
296 2061 426 2140 Libyae,
441 2081 498 2122 nec
513 2081 585 2140 spes
600 2063 663 2122 iam
678 2069 777 2123 restat
791 2063 865 2139 Iuli,

50 2163 85 2220 ab
99 2158 187 2218 freta
199 2158 344 2219 Sicaniae
359 2159 473 2219 saltem
488 2160 639 2237 sedesque
653 2165 788 2239 paratas,

49 2256 137 2315 unde
153 2254 215 2316 huo
229 2256 363 2330 advecu,
379 2274 545 2335 regemque
562 2263 707 2334 petamus
723 2259 879 2319 Acesten!

51 2351 185 2412 Talibus
201 2351 359 2428 Ilioneus3
381 2353 488 2414 cuncti
503 2353 597 2414 simul
612 2373 665 2414 ore
680 2355 857 2416 fremebant
875 2349 939 2427 ¹s'
950 2355 1004 2414 ‘N

51 2447 265 2528 nascamus.
417 2428 432 2464 ⁴
921 2471 964 2530 ,a

178 2626 247 2674 Dido
257 2626 388 2676 weloomee
399 2600 468 2674 illem
478 2629 531 2675 ond
541 2630 616 2688 offere
628 2629 696 2676 them
707 2643 724 2676 o
734 2631 835 2679 sheltcr.
896 2588 956 2656 χ’

94 2737 177 2796 Tum
191 2736 331 2798 breviter
344 2736 428 2798 Dido
443 2738 566 2800 voltum
581 2739 717 2799 demissa
731 2741 892 2818 profatur:

55 2837 65 2870 ‘
73 2832 194 2894 Solvite
207 2833 301 2894 corde
316 2839 445 2910 melum,
461 2835 582 2911 Teucri,
599 2836 753 2896 secludite
768 2857 866 2898 curas.

53 2929 120 2990 Res
134 2929 214 2989 dura
228 2934 260 2989 et
273 2931 364 3008 regni
378 2910 503 2992 novitiis
516 2951 569 2994 me
583 2933 663 2994 talia
676 2941 793 3010 cogunt

53 3025 169 3101 moliri,
184 3031 218 3088 et
231 3025 296 3089 late
310 3027 383 3088 finis
398 3029 527 3090 custode
542 3029 634 3090 tueri.

54 3122 132 3195 Quis
147 3141 245 3200 genus
260 3123 453 3200 Aeneadum,
469 3126 540 3205 quis
557 3127 668 3187 Troiae
683 3127 805 3188 nesciat
819 3128 938 3204 urbem,
