2300 3594
191 350 234 414 12
539 364 750 416 nnunrnos.

186 532 324 611 triginta
338 552 467 610 magnos
481 534 646 594 volvendis
662 534 823 595 mensibus
839 535 924 596 orbis

187 629 324 708 imperio
339 629 487 708 explebit,
503 650 695 708 regnumque
710 631 749 691 ab
764 633 837 692 sede
852 633 968 692 Lavini
1059 661 1100 707 270

187 727 373 800 transferet,
390 732 421 786 et
436 728 577 804 Longam
590 728 691 786 multa
704 728 737 787 vi
752 729 874 788 muniet
890 730 1016 790 Albam.

192 822 256 882 Hie
271 823 335 882 iam
349 829 398 882 ter
412 829 539 883 centum
553 828 638 884 totos
653 825 835 900 regnabitur
849 844 949 885 annos

192 925 285 997 gente
301 921 359 978 snb
374 921 539 994 Hectorea,
555 921 653 980 donec
668 921 776 997 regina
791 922 934 982 sacerdos

193 1017 297 1075 Marte
313 1016 416 1093 gravis
432 1017 589 1092 geminam
603 1022 697 1094 partu
712 1018 801 1077 dabit
815 1018 878 1076 Ilia
891 1018 1022 1096 prolem.

192 1113 272 1172 Inde
286 1113 378 1190 lupae
392 1112 483 1172 fulvo
497 1113 630 1172 nutricis
645 1114 785 1189 tegmine
798 1115 900 1174 laetus
974 1153 977 1157 -
1057 1143 1096 1191 275

193 1209 348 1268 Romulus
364 1209 501 1286 excipiet
516 1215 650 1285 gentem,
666 1219 698 1268 et
713 1211 872 1270 Mavortia
886 1211 1000 1271 condet

189 1306 318 1365 ,moenia
332 1307 554 1382 Romanosque
570 1325 625 1365 suo
641 1307 680 1365 de
695 1307 819 1366 nomine
835 1303 927 1367 dicet.

193 1402 255 1462 His
271 1421 327 1478 ego
342 1421 399 1461 nec
414 1407 514 1461 metas
530 1421 633 1462 rerum
648 1422 704 1462 neo
719 1409 861 1480 tempora
876 1423 975 1481 pcno;

188 1499 361 1576 imperium
376 1499 444 1558 sine
459 1499 521 1558 fine
536 1499 616 1558 dedi.
660 1500 743 1570 Quin
758 1519 868 1578 aspera
883 1502 972 1575 luno,
1059 1529 1099 1574 279

194 1615 273 1674 quae
288 1614 374 1654 mare
389 1615 472 1655 nuno
487 1602 650 1673 terrasque
665 1602 752 1655 metu
767 1597 950 1674 caelumque
972 1598 1097 1675 fatigat,

189 1692 326 1752 consilia
339 1693 374 1751 in
388 1687 501 1752 melius
516 1692 640 1766 referet,
657 1712 840 1770 mecumque
856 1695 976 1754 fovebit

189 1790 361 1862 Romanos
377 1807 481 1848 rerum
496 1789 648 1863 dominos,
665 1795 851 1868 gentemque
866 1796 1014 1866 togatam.

191 1885 246 1946 sio
262 1885 424 1963 placitum.
468 1886 583 1946 Veniet
596 1886 707 1945 lustris
722 1886 901 1946 labentibus
917 1895 1013 1963 aetas,

158 1953 264 2043 “obm
279 1983 388 2041 domus
404 1981 551 2042 Assaraci
566 1983 717 2042 Phthiam
732 1979 893 2061 clarasque
908 1985 1064 2063 Mycenas

189 2079 324 2139 servitio
339 2084 461 2156 premet
475 2098 511 2139 ac
525 2079 617 2138 victis
633 2078 846 2139 dominabitur
860 2080 963 2158 Argis.
1060 2096 1099 2156 285

189 2176 350 2236 ‚Nascetur
365 2175 498 2252 pulchra
513 2176 666 2235 Troianus
682 2176 802 2252 origine
819 2177 941 2251 Caesar,

190 2271 360 2350 imperium
376 2272 509 2345 Oceano,
526 2273 643 2331 famam
658 2273 713 2349 qui
728 2273 878 2332 terminet
892 2275 996 2350 astris,

194 2369 306 2443 Iulius,
323 2361 468 2444 amagno
483 2369 654 2428 demissum
670 2388 782 2428 nomen
799 2370 880 2429 Iulo.

194 2466 288 2537 Hunc
302 2471 338 2524 tn
353 2465 429 2524 olim
444 2465 539 2540 caele,
556 2465 667 2543 spoliis
684 2465 823 2527 Orientis
839 2474 996 2543 onustum,

103 2551 105 2556 ’
193 2561 328 2639 accipies
343 2580 469 2636 secura3
491 2563 655 2622 vocabitur
668 2563 720 2622 hio
736 2582 858 2640 qnoque
873 2565 966 2625 votis.
1061 2593 1102 2636 290

193 2657 315 2736 Aspera
328 2663 396 2718 tum
410 2658 522 2736 positis
539 2659 705 2719 mitescent
720 2660 845 2720 saecula
858 2661 969 2737 bellis;

193 2774 273 2815 cana
286 2755 381 2814 Fides
393 2760 425 2814 et
438 2756 545 2830 Vesta,
561 2757 660 2816 Remo
675 2774 746 2815 cum
761 2757 860 2817 fratre
876 2758 1027 2828 Quirinus

193 2852 263 2911 iura
277 2853 413 2927 dabunt3
435 2852 521 2912 dirae
536 2853 620 2912 ferro
636 2859 667 2912 et
682 2854 884 2930 compagibus
900 2855 978 2915 artis

193 2949 380 3008 claudentur
394 2948 478 3008 Belli
493 2955 618 3027 portae3
641 2951 740 3009 Furor
755 2951 872 3028 impius
891 2952 978 3011 intus

194 3063 288 3105 saeva
302 3046 414 3105 sedens
430 3064 523 3124 super
538 3065 624 3105 arma
638 3052 670 3106 et
681 3052 808 3106 centum
819 3049 944 3108 vinetus
956 3047 1045 3110 aenis
1061 3073 1098 3120 295

190 3146 266 3220 post
279 3145 403 3219 tergum
418 3143 518 3216 nodis,
533 3143 649 3202 fremet
663 3142 807 3202 horridus
823 3163 875 3202 ore
891 3145 1040 3205 cruento'
