2300 3594
159 261 180 324 4
371 283 374 290 ·
509 272 720 324 00001000.

160 450 193 504 01
207 463 348 522 premere
363 450 396 504 et
410 443 499 504 laxas
514 443 609 504 sciret
624 444 698 503 dare
714 435 818 504 iussus
833 443 979 506 habenas.

159 540 211 599 Ad
227 559 319 617 quem
334 547 404 602 tum
418 541 499 600 Iuno
514 541 649 618 supplex
662 540 712 600 his
728 541 857 601 vocibus
873 560 932 600 usa
945 547 1014 602 est:

202 636 323 712 ‘Aeole,
340 656 474 714 namque
489 637 550 697 tibi
565 637 673 696 divum
688 641 779 716 pater
794 642 888 716 atque
904 638 1069 700 hominum

241 753 297 793 rex
1045 752 1070 810 ⁶5

158 837 191 892 01
199 831 343 895 mulcere
359 830 447 892 dedit
461 830 574 892 fluctus
590 832 747 892 attollere
763 837 866 907 vente,

159 947 234 1005 gens
251 927 378 988 inimica
391 919 685 1006 mihiTyrrhenum
700 928 829 1005 navigat
843 947 967 1006 aequor,

158 1025 255 1085 Ilium
270 1025 305 1084 in
320 1025 447 1085 Italiam
462 1031 589 1103 portans
605 1025 768 1102 victosque
784 1025 936 1085 Penates:

158 1123 263 1182 incute
280 1123 344 1180 vim
357 1122 462 1181 ventis
478 1122 716 1199 submersasque
732 1122 827 1181 obrue
843 1110 974 1200 puppes,

157 1225 213 1279 aut
226 1239 283 1297 age
298 1219 439 1279 diversos
454 1224 487 1278 et
501 1217 599 1278 disice
614 1237 743 1296 corpora
757 1223 862 1296 ponto.
1046 1248 1073 1289 70

159 1317 239 1376 Sunt
254 1315 333 1375 mihi
347 1316 396 1376 bis
412 1321 534 1394 septem
551 1315 725 1394 praestanti
741 1333 870 1392 corpore
886 1315 1057 1394 nymphae,

158 1433 298 1492 quarum,
316 1432 395 1491 quae
410 1413 514 1473 forma
527 1412 741 1492 pulcherrima
756 1411 904 1490 Deiopea,
941 1428 948 1444 “

157 1511 290 1571 eonubio
305 1509 433 1586 iungam
447 1509 555 1570 stabili
571 1509 792 1586 propriamque
809 1509 929 1594 dicabo)

117 1675 119 1678 ¹
158 1609 259 1667 omnis
274 1613 310 1666 ut
324 1612 429 1667 tecum
444 1605 565 1666 meritis
582 1625 638 1684 pro
655 1606 772 1666 talibus
788 1625 885 1666 annos

158 1704 265 1782 exigat
279 1710 311 1764 et
325 1704 457 1783 pulchra
471 1703 570 1764 faeiat
584 1708 617 1763 te
632 1704 720 1781 prole
737 1709 908 1782 parentem.
1046 1732 1072 1782 ⁷5

90 1877 92 1884 y
198 1801 315 1861 Aeolus
331 1801 408 1861 haec
423 1806 548 1860 contra:
573 1802 686 1876 Tuus,
699 1821 718 1862 0
734 1803 851 1878 regina,
868 1802 944 1880 quid
958 1805 1060 1880 optes,

93 1964 94 1968 ,
158 1871 321 1976 enpicrare
335 1899 440 1974 labor3
463 1897 565 1957 mihi
557 1917 644 1958 mssa
660 1917 822 1977 capessere
838 1900 887 1959 fas
902 1904 959 1958 est.

136 2007 149 2036 ¹
159 1998 208 2056 Tu
216 1987 297 2055 mihi
308 1997 525 2074 quodcumque
536 1995 594 2054 hoc
607 1995 705 2082 regni,
716 2002 752 2056 tu
763 2003 887 2090 sceptra
898 1997 1073 2072 Iovemque

159 2079 315 2166 000011100,
331 2098 366 2152 10
381 2093 436 2152 (100
451 2092 553 2170 epulis
571 2086 753 2153 accumbere
770 2083 886 2169 divum,

159 2189 397 2266 nimborumque
412 2189 492 2250 facis
509 2193 797 2268 tempestatumque
813 2190 993 2270 potentem)
1044 2205 1074 2252 80

200 2287 289 2345 Haec
304 2285 357 2345 ubi
371 2286 463 2360 dicta,
481 2304 594 2345 cavum
609 2305 759 2346 conversa
773 2287 902 2366 cuspide
917 2291 1059 2346 montem

160 2382 288 2461 impulit
303 2382 450 2442 inlatus:
476 2401 511 2442 ao
528 2382 625 2457 venti,
642 2375 977 2458 Ι00101081010010010,

95 2555 97 2560 ¹
143 2499 223 2558 ,qua
237 2480 312 2539 data
326 2484 424 2556 porta,
442 2485 539 2538 ruunt
555 2485 586 2538 et
601 2485 701 2538 terras
717 2479 842 2539 turbine
857 2477 1001 2556 perflant.

108 2559 333 2640 &Incubuere
348 2575 435 2649 mari,
454 2580 619 2652 totumque
634 2594 653 2634 a
667 2575 792 2634 sedibus
808 2573 880 2634 imis

160 2694 223 2734 una
233 2673 400 2750 Eurusque
414 2673 582 2750 Notusque
593 2677 690 2731 ruunt
701 2671 868 2748 creberque
880 2669 1028 2748 procellis
1044 2687 1074 2748 85

161 2770 299 2846 Annus,
315 2773 349 2830 et
362 2774 471 2828 vastos
484 2767 618 2828 volvrmt
634 2768 675 2828 ad
688 2767 784 2827 litora
796 2765 919 2827 fluctus.

162 2867 346 2944 Insequitur
362 2865 540 2942 clamorque
554 2865 658 2924 virum
672 2865 850 2943 stridorque
866 2865 1044 2925 rudentum.

163 2964 312 3043 Eripiunt
326 2963 431 3024 subito
444 2963 543 3022 nubes
559 2962 742 3040 caelumque
757 2961 902 3040 diemque

164 3063 355 3120 Teucrorum
370 3081 409 3120 ex
423 3058 539 3138 oculis3
562 3065 659 3138 ponto
673 3078 737 3119 nox
751 3059 879 3119 incubat
893 3065 970 3120 atra
