2300 3594
418 346 539 397 mnne
561 347 586 400 ι.
939 335 964 402 9

45 533 182 594 corpora
209 513 325 576 fimdat
351 511 441 576 humi
469 520 502 576 et
529 534 696 576 numerum
725 536 796 578 cum
824 517 962 580 navibus

131 618 255 689 aequet.

46 709 137 768 Hinc
153 713 278 786 portum
293 707 383 786 petit,
399 713 432 770 et
445 707 546 769 socios
561 709 699 787 partitur
713 710 748 770 in
762 711 872 772 omnis.

45 807 134 866 Vina
150 805 249 864 bonus
265 824 344 882 quae
359 805 473 866 deinde
487 805 572 866 cadis
588 811 734 867 onerarat
748 808 880 868 Acestes
918 826 961 884 19'5

45 902 144 961 litore
160 900 322 962 Trinacrio
337 901 528 980 dederatque
543 902 732 965 abeuntibus
747 903 849 978 heros,

46 997 168 1058 dividit
183 1003 214 1057 et
229 996 323 1058 dietis
338 999 512 1059 maerentia
526 1004 654 1077 pectora
667 999 802 1061 mulcet:

48 1095 92 1156 ‘O
110 1093 198 1167 socii,
213 1113 314 1171 neque
329 1096 414 1154 enim
429 1096 531 1172 ignari
546 1115 654 1158 sumus
668 1103 742 1158 ante
757 1098 920 1174 malorum,

45 1190 170 1270 opassi
185 1191 336 1267 graviora,
352 1192 440 1252 dabit
454 1194 531 1254 deus
546 1193 597 1254 his
613 1213 737 1272 quoque
753 1194 859 1254 finem.

45 1289 115 1350 Vos
131 1294 164 1347 et
180 1286 355 1366 Scyllaeam
369 1289 489 1350 rabiem
504 1291 694 1368 penitusque
709 1291 852 1352 sonantis
916 1319 963 1353 200

46 1384 184 1445 accestis
200 1385 356 1463 scopulos,
371 1405 427 1446 vos
442 1393 475 1446 et
490 1387 646 1465 Cyclopea
660 1406 737 1447 saxa

47 1481 192 1559 experti:
215 1488 359 1542 revocate
375 1483 504 1557 animos,
521 1490 736 1568 maestumque
751 1486 897 1546 timorem

47 1578 189 1652 mittite;
211 1579 319 1638 forsan
334 1586 366 1639 et
380 1579 457 1639 haec
471 1580 546 1638 olim
562 1581 743 1642 meminisse
758 1583 888 1644 iuvabit.

46 1677 112 1734 Per
127 1675 231 1734 varios
246 1693 345 1750 casus,
362 1695 418 1753 per
431 1681 481 1736 tot
495 1677 679 1738 discrimina
693 1698 797 1738 rerum

46 1771 211 1832 tendimus
226 1771 260 1830 in
276 1772 411 1847 Latium,
427 1774 516 1833 sedes
531 1774 585 1833 ubi
601 1775 670 1834 fata
684 1775 808 1853 quietas
916 1805 959 1855 205

48 1871 240 1944 ostendunt3
262 1869 394 1930 illicias
410 1889 506 1946 regna
520 1889 682 1948 resurgere
699 1872 819 1934 Troiae.

47 1969 181 2040 Durate,
197 1972 230 2026 et
244 1972 366 2026 vosmet
380 1967 472 2027 rebus
487 1972 611 2028 servate
626 1969 792 2029 secundis!

47 2069 61 2096 ²
91 2062 183 2123 Talia
199 2083 274 2124 voce
289 2063 396 2138 refert,
413 2064 560 2142 curisque
574 2064 755 2142 ingentibus
771 2086 862 2145 aeger

49 2183 142 2243 spem
156 2163 246 2224 voltu
261 2163 398 2237 simulat,
415 2161 533 2240 premit
546 2161 647 2222 altum
661 2163 754 2223 eorde
769 2164 916 2225 dolorem.

49 2262 106 2322 Illi
122 2280 157 2320 se
172 2259 305 2338 praedae
321 2259 489 2336 accingunt
505 2258 701 2337 dapibusque
716 2260 851 2321 futuris:
916 2291 962 2324 κιο

48 2365 179 2435 tergora
193 2356 353 2435 deripiunt
370 2357 466 2416 costis
482 2362 515 2417 et
528 2356 650 2418 viscera
662 2357 793 2431 nudant,

47 2474 123 2534 pars
140 2454 174 2513 in
188 2455 293 2514 frusta
307 2459 414 2514 secant
429 2455 617 2532 veribusque
632 2456 800 2514 trementia
814 2455 923 2532 figunt,

47 2552 145 2611 litore
160 2556 239 2610 e'e'na
252 2550 359 2610 locant
373 2551 428 2610 alii
444 2550 648 2628 flammaeque
663 2551 856 2612 ministrant.

49 2649 133 2706 Tum
149 2647 236 2707 victu
251 2652 400 2708 revocant
413 2647 506 2722 vires,
521 2649 650 2725 fusique
665 2667 722 2726 per
736 2648 864 2708 herbam

48 2745 226 2823 implentur
240 2744 357 2804 veteris
372 2744 490 2804 Bacchi
505 2745 694 2823 pinguisque
711 2745 838 2804 ferinae.
916 2775 941 2806 αι
947 2775 957 2822 5

49 2841 223 2918 Postquam
234 2846 382 2918 exempta
390 2841 491 2901 fames
501 2841 603 2918 epulis
615 2861 802 2919 mensaeque
811 2847 957 2918 remotae,

49 2937 185 2997 amissos
199 2937 294 3014 longo
309 2937 409 2998 socios
425 2956 566 2997 sermone
583 2939 748 3014 requirunt

50 3053 202 3111 spemque
216 3037 398 3112 metumque
414 3034 496 3094 inter
511 3034 608 3108 dubii,
625 3053 681 3094 seu
695 3034 802 3094 vivere
817 3035 950 3096 credant

51 3131 119 3189 sive
133 3136 274 3191 extrema
287 3130 354 3208 pati
369 3149 426 3190 nec
441 3131 504 3190 iam
519 3131 667 3191 exaudire
682 3136 819 3192 vocatos.
