2300 3594
433 335 558 400 'arnan
582 351 607 400 Ι.
772 343 775 350 ’
959 339 978 402 3

62 543 126 583 neo
140 519 233 600 posse
248 520 345 581 Italia
359 523 550 581 Teucrorum
565 527 707 581 avertere
722 525 854 599 regem?
906 535 944 578 ν

62 621 188 698 quippe
202 622 292 677 vetor
306 617 392 677 fatis.
436 617 584 676 Pallasne
598 619 875 679 exurerenlassem

62 716 225 792 Argivum
240 699 334 791 atque
349 715 434 792 ipsos
448 714 554 793 potuit
568 714 769 793 submergere
783 722 881 794 ponto
948 747 977 789 40

16 815 163 904 ymnius
179 811 219 870 ob
234 830 346 870 noxam
361 817 393 871 et
407 811 509 872 furias
524 811 632 872 Aiacis
648 812 712 873 Oili
722 815 744 888 t,

61 915 153 991 lpsa,
170 908 257 969 Iovis
274 908 419 986 rapidum
432 908 571 969 iaculata
585 928 602 969 e
616 909 753 969 nubibus
768 909 882 988 ignem,

62 1007 256 1086 disiecitque
271 1013 360 1068 rates
371 1006 548 1085 evertitque
563 1025 699 1084 aequora
711 1007 826 1085 ventis,
884 1029 923 1075 ν

61 1107 161 1166 illum
175 1105 389 1192 exspirantem
403 1104 557 1164 transfixo
570 1110 697 1183 pectore
711 1104 853 1165 flammas

61 1175 363 1324 turbinQorripuit
376 1201 567 1280 scopuloque
581 1201 688 1262 infixit
702 1209 802 1262 acuto
948 1229 974 1276 45

61 1301 128 1360 Ast
137 1319 211 1376 ege,
228 1319 307 1377 quae
323 1299 431 1359 divinn
445 1298 556 1358 incedo
570 1298 687 1376 regina,
704 1298 853 1377 Iovisque

63 1403 99 1456 et
114 1416 204 1456 soror
219 1402 250 1456 et
265 1396 410 1471 coniunx,
426 1415 575 1456 unacum
590 1400 684 1472 gente
698 1401 748 1455 tot
761 1415 859 1456 annos

62 1494 153 1554 bella
168 1512 256 1569 gero:
280 1498 312 1552 et
327 1493 495 1571 quisquam
509 1512 626 1551 numen
639 1493 772 1552 Iunonis
788 1493 897 1552 adorat

63 1595 239 1668 praeterea,
256 1594 311 1648 aut
326 1589 459 1667 supplex
474 1587 538 1652 aris
553 1588 694 1666 imponet
707 1588 857 1648 honorem
869 1591 899 1649 ?'
914 1649 950 1684 μ

16 1679 47 1784 ts
310 1660 370 1767 N

65 1786 121 1833 She
132 1784 193 1830 aske
204 1783 308 1830 Aeolus’
321 1785 373 1856 old,
386 1785 439 1830 aad
454 1785 484 1830 hc
501 1783 547 1830 lete
558 1784 622 1830 loo'cc
634 1785 670 1830 cll
681 1784 722 1830 the
733 1785 832 1840 winde,
845 1786 886 1830 the
897 1790 978 1831 atorm

363 1865 370 1894 ἰ
420 1859 472 1904 aad
482 1858 633 1916 stiparent.

109 1976 201 2034 Talia
214 1973 375 2034 flammat&
391 1993 496 2034 seeum
511 1971 571 2035 dea
584 1976 676 2034 corde
691 1972 845 2060 vdlutans„
949 1979 995 2052 50'
1080 1993 1090 2010 ⁰

64 2072 246 2131 nimborum
260 2071 294 2128 in
309 2071 453 2148 patriam,
464 2070 534 2131 loca
547 2072 617 2131 feta
630 2071 811 2131 furentibus
826 2073 956 2131 Austris

64 2167 213 2226 Aeoliam
227 2167 325 2226 venit.
368 2167 430 2226 Hic
445 2172 537 2227 vasto
552 2187 608 2227 rex
622 2168 740 2228 Aeolus
756 2175 846 2228 antro

63 2264 225 2324 luctantes
239 2269 350 2323 ventos
366 2269 636 2342 tempestatesque
652 2283 779 2324 sonoras

63 2360 199 2438 imperio
213 2361 329 2438 premit
343 2379 378 2420 ac
393 2360 507 2421 vinclis
523 2367 556 2421 et
570 2380 692 2420 earcere
708 2362 821 2424 frenat.
854 2375 885 2422 μ

64 2457 122 2515 mi
134 2455 336 2532 indignantes
351 2477 464 2539 magno
479 2477 550 2518 cum
564 2477 723 2518 murmure
738 2461 853 2520 montis
952 2487 977 2535 55

64 2555 184 2612 circum
192 2547 336 2613 'claustra
350 2555 509 2632 fremunt3
531 2555 617 2616 celsa
630 2558 720 2616 sedet
735 2557 852 2642 Aeolus
868 2576 937 2616 arce

64 2655 191 2728 sceptra
204 2651 507 2730 tenenslmollitque
521 2653 643 2714 animos
659 2658 691 2713 et
706 2659 861 2733 temperat
876 2655 955 2714 iras:

64 2746 98 2805 ni
113 2739 221 2822 iaciat,
236 2746 387 2837 mariano
402 2745 503 2810 terras
519 2749 702 2827 caelumque
718 2751 910 2828 profundum

65 2839 184 2920 quippe'
197 2831 304 2902 ferant
319 2844 421 2922 rapidi
436 2863 544 2906 seeum
557 2851 748 2924 verrantque
763 2865 820 2925 per
834 2865 942 2906 auras:
973 2866 1013 2908 ν

59 2939 122 3014 nsed
136 2943 227 3024 pater
241 2939 439 3018 Omnipotens
456 2942 616 3023 speluncis
631 2943 754 3003 abdidit
768 2943 846 3002 atris
949 2961 978 3003 60

64 3035 124 3094 hoc
138 3041 291 3110 metuens,
307 3038 484 3116 molemque
499 3045 532 3099 et
546 3044 669 3099 montes
684 3039 814 3117 insuper
829 3039 911 3100 altos

64 3131 226 3210 imposuit,
242 3151 409 3211 regemque
424 3135 519 3209 dedit,
538 3137 592 3213 qui
606 3136 734 3197 foedere
749 3142 835 3195 certo
