2300 3594
448 359 569 411 LIBER
591 360 616 412 Ι.

68 527 195 588 Idaliae
209 526 305 603 lucos,
320 528 375 588 ubi
390 527 495 588 mollis
510 547 672 591 amaracus
687 530 780 591 illum

68 624 203 684 floribus
218 630 250 685 et
264 624 350 686 dulci
364 625 530 704 adspirans
545 627 766 705 complectitur
779 627 898 690 umbra

70 831 160 891 cupra
170 833 269 880 arrives
280 845 309 880 aa
320 833 360 880 tte
373 833 446 891 secet
456 835 480 880 te
491 833 649 892 baptizatam
666 835 696 882 he
708 836 847 893 tesondled
859 835 892 894 bu
902 835 979 895 Dido,

314 907 397 955 wtose
408 907 482 955 beart
493 908 523 956 te
535 908 636 956 kindlea
648 913 672 956 to
683 910 743 958 love.

67 1014 205 1091 Iamque
220 1014 286 1074 ibat
301 1014 386 1074 dicto
401 1033 516 1092 parens
531 1021 563 1075 et
578 1015 660 1075 dona
675 1016 797 1094 Cupido
937 1033 979 1092 ⁶95

66 1110 159 1187 regia
171 1109 319 1188 portabat
334 1111 449 1190 Tyriis,
465 1110 543 1171 duce
557 1112 660 1172 laetus
675 1112 807 1173 Achate.

67 1208 152 1268 Cum
165 1207 262 1282 venit,
279 1207 398 1268 aulaeis
414 1208 477 1268 iam
492 1227 525 1268 se
540 1208 649 1285 regina
664 1209 808 1288 superbis

66 1321 166 1364 aurea
179 1304 356 1381 composuit
371 1305 492 1382 sponda
505 1306 705 1384 mediamque
720 1305 855 1384 locavit3

66 1401 133 1461 iam
148 1405 239 1478 pater
253 1400 377 1461 Aeneas
393 1407 425 1461 et
439 1402 502 1462 iam
517 1403 654 1462 Troiana
667 1403 816 1464 iuventus

66 1496 271 1572 conveniunt,
287 1503 450 1577 stratoque
465 1517 559 1578 super
574 1499 784 1560 discumbitur
799 1505 893 1560 ostro
937 1529 985 1574 700.

65 1595 157 1653 Dant
178 1593 322 1654 manibus
344 1595 457 1655 famuli
477 1595 634 1675 lymphae,
651 1597 857 1674 Cereremque
878 1598 977 1658 canis·

151 1689 211 1751 tris

66 1787 251 1865 expediunt,
268 1787 432 1866 tonsisque
447 1789 556 1850 ferunt
571 1790 720 1850 mantelia
733 1789 829 1850 villis.

67 1884 308 1965 Quinquaginta
321 1884 409 1946 intus
431 1886 578 1962 famulae,
595 1887 708 1964 quibus
723 1887 833 1947 ordine
847 1886 974 1964 longam

67 1999 144 2040 cura
159 1999 276 2058 penum
290 1985 412 2042 struere
427 1986 460 2042 et
473 1982 609 2043 flammis
625 1983 749 2044 adolere
763 1984 917 2060 Penates5

67 2083 195 2138 centum
210 2077 290 2137 aliae
305 2078 501 2158 totidemque
516 2099 606 2158 pares
621 2085 727 2141 aetate
741 2080 890 2156 ministri,
934 2107 982 2158 702

67 2174 122 2252 qui
137 2173 272 2252 dapibus
287 2194 412 2236 mensas
427 2182 559 2236 onerent
573 2184 605 2237 et
620 2178 735 2255 pocula
747 2183 875 2256 ponant.

66 2271 134 2330 Nec
149 2289 210 2330 non
227 2276 260 2331 et
275 2272 366 2349 Tyrii
379 2291 435 2351 per
448 2272 561 2334 limina
574 2273 658 2335 laeta
672 2275 857 2353 frequentes

67 2385 250 2444 convenere,
265 2368 345 2428 toris
360 2368 440 2429 iussi
455 2369 652 2432 discumbere
666 2371 770 2451 pictis.

67 2463 226 2524 Mirantur
241 2465 323 2525 dona
336 2465 471 2543 Aeneae,
488 2467 643 2528 mirantur
658 2470 765 2531 Iulum

65 2559 293 2640 flagrantisque
308 2561 360 2622 dei
374 2563 480 2624 voltus
496 2565 706 2645 simulataque
721 2569 817 2628 verba
933 2596 976 2645 710

65 2656 246 2735 pallamque
261 2663 293 2718 et
307 2658 430 2737 pictum
444 2679 552 2722 croceo
567 2662 712 2724 velamen
727 2665 870 2727 acantho.

64 2753 238 2832 Praecipue
253 2755 378 2832 infelix,
393 2757 477 2835 pesti
491 2758 606 2820 devota
620 2760 756 2837 futurae,

64 2850 187 2929 expleri
201 2857 340 2913 mentem
354 2854 465 2932 nequit
479 2855 677 2935 ardescitque
692 2860 810 2920 tuendo

64 2947 249 3024 Phoenissa,
265 2954 297 3009 et
311 2949 431 3028 pariter
445 2971 542 3030 puero
558 2953 711 3033 donisque
726 2962 879 3019 movetur.

63 3044 125 3105 Ille
140 3045 196 3105 ubi
210 3046 376 3124 complexu
390 3048 517 3110 Aeneae
532 3050 675 3130 colloque
689 3055 842 3132 pependit
929 3081 970 3135 7¹5

62 3147 95 3202 et
110 3160 260 3221 magnum
274 3143 351 3206 falsi
363 3143 511 3225 implevit
525 3147 678 3224 genitoris
692 3169 839 3228 amorem,
