2300 3594
193 325 254 402 10,
542 340 753 392 narvmnos.

193 508 366 587 Praecipue
381 509 452 587 pius
467 511 591 570 Aeneas
607 529 689 571 nunc
705 510 786 571 acris
802 511 923 587 Oronti,
1057 539 1093 570 220

193 625 276 666 nunc
291 606 406 684 Amyci
421 625 528 704 casupn
542 607 640 684 gemit
655 612 688 667 et
702 608 842 668 crudelia
856 627 961 668 secum

193 703 262 762 fata
276 703 355 781 Lyci
370 704 547 781 fortemque
564 705 656 782 Gyan
672 704 849 782 fortemque
865 705 1062 767 Cloanthum.

196 905 246 953 The
263 918 336 953 scene
354 906 473 964 cbonyes.
508 906 592 953 Venus
608 907 735 964 implores.
748 907 855 965 Jupiter
872 913 895 955 tc
915 908 1035 966 bosriead
1054 907 1093 953 ber

588 981 704 1040 Trojano.

232 1088 275 1147 Et
290 1087 353 1148 iam
367 1087 440 1147 finis
456 1094 531 1162 erat,
548 1107 617 1148 cum
634 1089 780 1167 Iuppiter
794 1088 922 1150 aethere
937 1108 1061 1149 summo

192 1185 368 1262 despiciens
383 1203 468 1244 mare
483 1184 654 1245 velivolum
670 1191 832 1264 terrasque
847 1186 978 1246 iacentis

191 1281 348 1359 litoraque
364 1286 396 1341 et
409 1282 490 1342 latos
505 1282 646 1361 populos,
663 1283 708 1343 sic
722 1283 841 1343 vertice
855 1282 935 1342 caeli
960 1303 964 1308 ·
1058 1307 1093 1354 υς

190 1378 337 1437 constitit
353 1383 385 1436 et
399 1377 518 1456 Libyae
534 1378 645 1438 defixit
659 1378 780 1438 lumina
795 1379 907 1456 regnis.
1123 1359 1125 1452 J

191 1476 298 1552 Atque
314 1474 404 1533 illum
419 1475 494 1534 talis
509 1475 681 1534 iactantem
695 1481 820 1552 pectore
836 1494 926 1536 curas

190 1571 315 1630 tristior
330 1576 362 1630 et
377 1571 513 1630 lacrimis
529 1571 636 1630 oculos
652 1572 773 1631 suffusa
787 1571 919 1632 nitentis

190 1667 374 1745 adloquitur
382 1669 504 1728 Venus:
524 1668 568 1728 ‘O
581 1667 694 1744 quires
705 1668 931 1745 hominumque
942 1669 1094 1746 dequue

190 1764 328 1824 aeternis
345 1765 428 1840 regis
443 1764 584 1842 imperiis
601 1769 633 1824 et
647 1765 783 1824 fulmine
798 1771 906 1839 terres,
1057 1791 1096 1838 230

190 1860 268 1938 quid
284 1879 371 1920 meus
387 1861 511 1920 Aeneas
527 1861 560 1920 in
575 1867 606 1920 te
622 1862 817 1921 committere
832 1866 965 1936 tantum,
1123 1923 1124 1948 ,

190 1956 268 2034 quid
284 1959 379 2017 Troes
394 1963 532 2034 potuere,
550 1958 663 2035 quibus
678 1963 727 2017 tot
742 1957 856 2017 funera
869 1958 972 2035 passis
1123 1953 1124 2011 l

191 2059 322 2114 cunctus
338 2055 377 2114 ob
393 2054 519 2113 ltaliam
535 2061 689 2115 terrarum
704 2054 862 2115 clauditur
877 2055 989 2116 orbis?

190 2151 283 2211 Certe
299 2150 372 2210 hino
388 2152 546 2210 Romanos
562 2152 647 2223 olim,
663 2152 863 2212 volventibus
879 2153 978 2226 annis,

191 2247 264 2307 hinc
279 2248 348 2306 iore
364 2247 507 2306 ductores
523 2253 667 2307 revocato
682 2266 701 2307 a
715 2249 866 2324 sanguine
881 2248 1002 2323 Teucri,
1055 2271 1093 2321 235
1121 2279 1122 2282 ¹

191 2344 247 2422 qui
261 2363 354 2417 mare,
371 2344 425 2420 qui
440 2349 539 2404 terras
556 2343 641 2403 omni
656 2345 778 2404 dicione
793 2351 946 2418 tenerent,

191 2441 368 2518 pollicitus:
392 2459 472 2517 quae
486 2446 527 2514 te,
544 2441 675 2516 genitor,
692 2441 850 2500 sententia
865 2441 988 2500 vertit?

192 2537 261 2595 Hoc
277 2536 421 2613 equidem
437 2555 580 2596 occasum
596 2537 706 2596 Troiae
722 2536 887 2612 tristisque
903 2536 1009 2596 ruinas

191 2632 324 2706 solabar,
341 2633 418 2692 fatis
434 2633 673 2693 contrarietate
687 2631 881 2709 rependens;

192 2748 275 2788 nuno
289 2731 398 2789 eadem
413 2729 541 2788 fortuna
554 2730 640 2789 viros
655 2734 704 2788 tot
718 2728 842 2788 casibus
857 2732 942 2787 actos
1056 2757 1098 2802 ψ

192 2826 377 2903 insequitur.
422 2828 520 2896 Quem
535 2827 590 2885 das
606 2825 709 2899 finem,
726 2843 782 2884 rex
796 2842 917 2900 magne,
929 2823 1095 2885 laborum?

192 2925 337 2982 Antenor
352 2922 456 3000 potuit
472 2922 584 2982 mediis
601 2923 725 3000 elapsus
742 2920 874 2981 Achivis

191 3019 339 3095 Illyricos
354 3025 519 3096 penetrare
534 3019 622 3078 sinus
637 3026 732 3096 atque
747 3017 861 3078 intima
874 3023 963 3078 tutus

191 3133 287 3191 regna
302 3115 513 3175 Liburnorum
528 3122 559 3176 et
574 3117 696 3176 fontem
711 3134 864 3224 supfflre.
872 3115 1006 3190 Timavi,
