2300 3594
178 334 220 401 16
527 347 739 399 nuumnos

179 519 372 597 'mercatique
387 517 498 594 solum,
514 517 595 578 faeti
609 517 647 577 de
661 516 788 576 nomine
801 517 944 596 Byrsam,

178 617 304 675 taurino
320 621 473 694 quantum
488 621 618 693 possent
633 614 826 674 circumdare
840 620 937 690 tergo.

180 713 242 772 Sed
257 731 312 772 vos
328 712 383 791 qui
397 713 533 786 tandem,
549 711 662 790 quibus
677 716 732 770 aut
746 710 879 770 venistis
894 711 934 770 ab
948 709 1023 786 oris,

179 828 282 887 quove
297 809 414 869 tenetis
430 809 533 868 iter?’
577 807 746 878 Quaerenti
761 807 880 868 talibus
895 806 950 867 ille
1049 832 1091 881 370

180 906 341 984 suspirans
357 905 481 982 imoque
496 905 624 965 trahens
639 923 659 964 a
671 909 797 982 peotore
812 923 937 984 uocem:

180 1117 282 1164 Aeneas
294 1117 349 1164 tells
362 1116 511 1164 Venusinae
527 1117 557 1163 he
574 1119 612 1174 is‚·
629 1117 672 1164 she
688 1116 744 1163 tells
759 1116 814 1162 him
830 1116 886 1162 thet
901 1115 943 1163 his
957 1116 1093 1162 comrade-s

239 1205 283 1239 are
299 1194 364 1250 sose,
381 1193 533 1250 confirming
548 1193 569 1237 at
586 1191 617 1248 by
634 1204 669 1236 aa
684 1203 759 1236 omen
773 1191 804 1248 os
816 1203 917 1247 sunau
934 1191 977 1238 she
992 1189 1094 1237 revees

242 1267 341 1324 herself
349 1271 373 1313 to
384 1266 447 1322 him,
459 1267 512 1312 aad
523 1267 626 1323 deporto
638 1270 662 1312 to
672 1265 785 1322 Paphos.

223 1390 266 1450 ‘O
281 1391 348 1465 dea,
364 1390 392 1450 si
406 1388 508 1467 prima
521 1394 666 1466 repetens
682 1389 722 1448 ab
735 1387 855 1465 origine
869 1405 1008 1466 pergam,

181 1493 213 1547 et
227 1492 318 1547 vaoet
333 1477 456 1546 annalis
471 1492 650 1545 nostrorum
664 1485 773 1546 audire
788 1485 939 1558 laborum,

181 1590 254 1644 ante
268 1585 352 1643 diem
367 1584 474 1642 clauso
488 1588 653 1661 componet
666 1583 787 1660 Vesper
802 1582 945 1660 Olympo
1130 1655 1131 1660 η

181 1682 248 1740 Nos
264 1681 360 1740 Troia
375 1680 514 1758 antiqua,
531 1679 559 1739 si
573 1685 696 1738 vestras
711 1680 796 1738 forte
811 1698 867 1756 per
880 1678 966 1738 auris
1054 1705 1095 1754 375
1130 1687 1131 1744 ξ

181 1779 293 1838 Troiae
309 1797 423 1837 nomen
439 1777 486 1852 iit,
502 1777 627 1836 diversa
641 1795 697 1855 per
711 1794 848 1854 aequora
861 1781 968 1836 veotos

181 1877 265 1935 forte
280 1894 338 1935 sua
353 1874 480 1951 Libyeis
495 1879 667 1951 tempestas
682 1871 808 1951 adpulit
821 1872 893 1932 oris.

182 1973 258 2032 Sum
272 1973 343 2050 pius
359 1972 491 2044 Aeneas,
507 1975 614 2048 raptos
631 1969 740 2046 quiex
755 1969 845 2030 hoste
860 1969 996 2030 Penates

181 2070 282 2129 classe
297 2069 378 2128 veho
393 2086 524 2141 meeum,
541 2068 627 2126 fama
641 2085 736 2145 super
750 2066 880 2126 aethera
893 2073 1000 2126 notus.

182 2166 309 2225 Italiam
324 2183 440 2242 quaero
452 2165 588 2242 patriam
600 2168 632 2222 et
644 2182 742 2238 genus
757 2163 796 2222 ab
810 2164 887 2222 Iove
902 2182 1035 2224 summe.
1054 2181 1099 2240 380

181 2263 237 2322 Bis
252 2262 342 2322 denis
357 2261 532 2339 Phrygium
549 2260 716 2320 oonsoendi
731 2260 864 2320 navibus
880 2279 996 2338 aequor

182 2365 283 2419 matre
298 2359 356 2418 dea
370 2362 566 2417 monstrante
581 2357 675 2432 viam,
691 2357 766 2417 data
779 2359 848 2417 fata
863 2363 1008 2432 seeutus3

182 2457 236 2515 vix
251 2461 372 2534 septem
387 2455 552 2514 convolsae
567 2454 660 2513 undis
675 2455 822 2532 Euroque
838 2459 1015 2533 supersunt.

181 2553 255 2630 Ipse
271 2553 406 2629 ignotus,
424 2571 527 2629 egens,
544 2553 663 2631 Libyae
678 2553 802 2612 deserta
816 2570 955 2630 peragro,

182 2649 310 2726 Europa
324 2654 418 2726 atque
435 2649 513 2709 Asia
527 2648 657 2726 pulsus!
699 2649 766 2708 Nee
781 2648 873 2726 plura
887 2652 1076 2726 querentem

182 2765 276 2825 passa
290 2747 397 2806 Venus
412 2746 516 2806 medio
532 2746 578 2806 sio
592 2745 744 2806 interfata
757 2744 864 2805 dolore
879 2750 945 2804 est:
1052 2761 1100 2820 386

226 2843 392 2922 ‘Quisquis
421 2862 463 2918 es,
493 2844 588 2919 haud,
616 2843 718 2916 erede,
747 2841 870 2902 invisus
902 2840 1097 2904 caelestibus

264 2959 355 3001 auras

183 3037 292 3098 vitalis
308 3037 420 3116 carpis,
436 3037 567 3116 Tyriam
581 3037 637 3116 qui
648 3036 813 3096 adveneris
828 3037 946 3097 urbem.

183 3137 283 3213 Perge
298 3135 398 3208 modo,
411 3140 506 3213 atque
517 3134 591 3194 hine
606 3139 638 3194 te
654 3133 780 3210 reginae
795 3134 836 3194 ad
845 3133 958 3193 limina
967 3132 1093 3210 perfer:
1128 3149 1129 3162 ¹

43 3468 199 3556 L
