2300 3594
189 327 230 393 30
535 338 747 392 Arsames.

187 512 327 589 reginam
342 511 432 589 petit.
475 511 564 570 Haec
579 509 687 584 oculis,
702 509 780 570 haec
794 516 920 588 pectore
935 516 1004 572 toto

186 610 295 668 haeret
310 613 342 668 et
357 607 516 668 interdum
531 607 649 684 gremio
665 606 761 682 fovet,
777 607 877 668 inscia
891 608 984 682 Dido,

185 706 322 766 insideat
337 710 473 782 quantus
489 703 619 763 miserae
635 703 720 762 deus
764 703 809 762 At
823 722 943 763 memor
956 705 1013 765 ille

185 804 296 863 matris
310 801 474 862 Acidaliae
490 800 642 878 paulatim
658 799 782 859 abolere
799 800 976 878 Sychaeum
1055 829 1091 873 720

183 901 306 978 incipit,
322 907 354 960 et
369 901 442 958 vivo
457 902 593 974 temptat
608 902 806 974 praevertere
821 915 927 956 amore

183 998 247 1057 iam
262 997 383 1075 pridem
399 995 515 1056 resides
530 994 651 1054 animos
667 994 859 1071 desuetaque
875 995 977 1054 corda.

185 1175 237 1223 ihc
250 1178 322 1233 ,feast
340 1189 406 1232 ocer,
420 1176 487 1223 Dido
500 1175 587 1223 makes
605 1175 726 1223 libatiam
738 1180 762 1222 to
772 1175 888 1233 Jupiter,
900 1176 1032 1233 Bocchus,
1044 1176 1092 1222 and

242 1251 321 1306 Jarno,
331 1253 447 1308 propinq
460 1250 515 1297 thot
529 1251 569 1296 the
584 1249 789 1307 oarttaytntans
800 1251 854 1296 aad
871 1249 981 1308 Trojane
992 1265 1055 1309 may
1067 1251 1091 1296 be

242 1325 331 1371 ltulced
342 1327 370 1371 in
377 1337 462 1382 peace.

224 1433 398 1510 Postquam
407 1432 508 1511 prima
521 1431 609 1509 quies
623 1431 733 1509 epulis,
744 1449 933 1508 mensaeque
943 1439 1092 1506 remotae,

181 1537 320 1591 crateres
336 1548 463 1606 magnos
480 1534 624 1588 statuunt
639 1534 672 1587 et
685 1528 761 1587 vina
774 1535 933 1588 coronant.

183 1629 217 1688 It
231 1627 381 1705 strepitus
396 1626 490 1685 tectis
509 1643 677 1702 vocemque
693 1644 749 1702 per
764 1626 869 1703 ampla
883 1627 1033 1687 volutant
1057 1656 1093 1703 7²5

182 1725 281 1799 atria3
305 1723 482 1801 dependent
499 1722 608 1800 lychni
623 1722 824 1800 laquearibus
839 1723 943 1783 aureis

183 1821 312 1894 incensi,
329 1826 361 1879 et
376 1825 497 1879 noctem
513 1817 646 1878 flammis
662 1819 784 1879 funalia
798 1820 938 1880 vincunt.

184 1920 248 1978 Hic
263 1918 370 1994 regina
384 1937 511 1994 gravem
527 1917 658 1993 gemmis
674 1938 811 1996 auroque
826 1918 971 1996 poposcit

184 2015 392 2093 implevitque
408 2033 492 2074 mero
509 2020 658 2093 pateram,
676 2035 771 2092 quam
785 2015 881 2075 Belus
897 2021 929 2075 et
943 2035 1057 2078 omnes

184 2132 203 2172 a
217 2112 293 2172 Belo
309 2111 411 2186 soliti3
435 2117 503 2170 turn
519 2112 604 2171 facta
620 2112 748 2171 silentia
762 2113 872 2172 tectis:
1058 2143 1096 2190 73⁰

186 2209 355 2287 ‘Iuppiten
372 2208 552 2285 hospitibus
567 2227 640 2267 nam
655 2213 688 2268 te
703 2209 777 2268 dare
792 2209 861 2269 iura
874 2210 1064 2286 loquuntur,

184 2309 268 2368 huno
282 2307 400 2365 laetum
418 2305 586 2382 Tyriisque
602 2305 686 2365 diem
701 2305 856 2383 Troiaque
871 2307 1025 2384 profectis

185 2423 253 2465 esse
268 2403 357 2476 velis,
375 2407 562 2480 nostrosque
577 2401 670 2461 huius
686 2401 866 2462 meminisse
881 2402 1028 2463 minores.

184 2499 281 2561 Adsit
294 2498 435 2559 laetitiae
452 2498 595 2558 Bacchus
610 2499 701 2558 dator
715 2505 747 2558 et
761 2500 843 2559 bona
857 2500 957 2575 Iuno,

185 2605 217 2658 et
231 2617 295 2672 vos,
313 2601 477 2670 ocoetum,
495 2595 594 2673 Tyrii,
610 2596 764 2656 celebrate
780 2597 934 2656 faventes.
1057 2627 1096 2674 735
1138 2649 1139 2668 ,

184 2777 269 2836 Iopas,
286 2777 326 2824 tte
340 2775 467 2831 minstret,
486 2775 578 2822 etanta
596 2781 619 2822 tc
637 2775 678 2822 tis
700 2774 753 2832 tyre
772 2787 848 2832 sonqs
862 2775 893 2833 os
910 2778 1097 2824 astronomica

244 2853 297 2899 aad
307 2850 427 2909 physiccl
438 2850 497 2896 lore.
527 2849 657 2907 Appiana
669 2851 722 2896 ond
732 2851 917 2896 conversation.
946 2849 1017 2896 Dido
1034 2851 1097 2899 asts

244 2926 397 2983 Aeacossor
408 2925 448 2972 tis
459 2929 529 2982 story
542 2921 634 2983 [which
645 2925 667 2971 is
679 2923 731 2970 told
742 2925 770 2970 ia
780 2923 866 2970 Booti
876 2923 914 2970 ΙΙ.
927 2925 981 2971 aad
990 2923 1069 2986 ΙΙΙ.].

185 3034 285 3108 Dixit,
301 3037 334 3094 et
347 3033 381 3092 in
396 3049 538 3091 mensam
552 3031 682 3091 laticum
696 3029 810 3090 libavit
824 3029 983 3106 honorem,

185 3132 359 3210 primaque,
374 3127 482 3203 libato,
497 3145 619 3188 summo
632 3132 726 3188 tenus
741 3125 851 3204 attigit
865 3145 936 3203 ore3
