2300 3594
436 351 557 402 LIBER
579 352 605 402 I.

55 524 118 584 sed
132 521 212 582 fines
227 521 348 600 Libyci,
363 540 462 599 genus
477 521 676 600 intractabile
691 520 782 580 bello.

56 619 238 698 Imperium
252 619 336 678 Dido
351 618 448 696 Tyria
462 618 544 695 regit
558 618 635 677 urbe
651 619 802 696 profecta,
933 645 976 693 340

56 704 247 794 germanum
261 715 396 792 fugiens.
439 717 548 791 Longa
562 720 610 774 est
626 714 751 790 iniuria,
767 716 878 793 longae

56 814 227 888 ambages3
250 813 305 872 sed
320 831 444 872 summa
461 830 575 889 sequar
590 811 721 886 fastigia
736 831 848 872 rerum.

57 910 148 969 Huic
162 910 299 969 coniunx
315 909 474 986 Sychaeus
490 915 566 984 erat,
584 908 760 969 ditissimus
775 910 843 987 agri

57 1005 265 1080 Phoenicum,
281 1011 313 1065 et
328 1024 441 1082 magno
456 1005 589 1066 miserae
607 1005 740 1066 dilectus
755 1025 868 1080 amore,

58 1103 113 1164 oui
128 1109 219 1180 pater
233 1102 386 1164 intactam
401 1103 530 1163 dederat
547 1103 719 1182 primisque
736 1104 860 1181 iugarat
932 1129 973 1178 345

58 1200 229 1260 ominibus.
274 1200 336 1259 Sed
350 1217 447 1276 regna
461 1199 539 1278 'syri
556 1219 721 1278 germanus
737 1201 872 1260 habebat

59 1297 260 1374 Pygmalion,
276 1297 392 1356 scelere
407 1301 481 1356 ante
497 1297 575 1356 alios
591 1298 757 1356 immanior
771 1297 881 1357 omnis

59 1395 146 1464 Quos
161 1393 246 1453 inter
260 1393 383 1453 medius
399 1393 488 1454 venit
502 1394 598 1454 furor.
644 1394 705 1454 Ille
721 1395 898 1472 Sychaeum

60 1491 179 1568 impius
195 1497 268 1551 ante
283 1509 353 1550 aras
368 1496 464 1569 atque
479 1491 547 1551 auri
562 1511 672 1552 caecus
687 1511 792 1552 amore

60 1589 144 1648 clam
159 1589 245 1646 ferro
259 1588 421 1648 incautum
436 1594 573 1668 superat,
589 1608 716 1648 securus
732 1607 871 1648 amorum
933 1615 975 1664 350

61 1705 247 1764 germanae3
270 1686 453 1764 factumque
470 1686 525 1746 diu
540 1686 663 1760 celavit,
680 1692 712 1745 et
727 1704 852 1761 aegram

62 1783 165 1843 multa
179 1782 279 1842 malus
296 1783 448 1842 simulans
464 1802 546 1842 vana
561 1802 615 1860 spe
629 1783 708 1842 lusit
724 1789 889 1842 amantem.

61 1880 139 1958 Ipsa
154 1879 210 1938 sed
224 1880 258 1938 in
272 1880 389 1939 somnis
406 1880 564 1939 inhumati
576 1880 664 1938 venit
680 1880 783 1955 imago
801 1873 806 1881 ’

61 1976 215 2052 coniugis,
231 1993 286 2035 ora
300 1977 400 2036 modis
416 1977 565 2036 attollens
581 1977 700 2054 pallida
712 1977 816 2050 miris3

62 2073 200 2134 crudelis
215 2091 285 2132 aras
300 2072 494 2151 traiectaque
510 2079 638 2151 pectora
652 2073 736 2132 ferro
933 2100 973 2148 355

62 2169 206 2244 nudavit,
222 2188 409 2256 caecumque
424 2171 535 2230 domus
551 2171 652 2230 scelus
668 2189 758 2230 omne
774 2171 897 2230 retexit.

62 2269 145 2326 Tum
160 2267 296 2326 celerare
310 2267 419 2342 fugam
434 2267 597 2345 patriaque
613 2268 762 2326 excedere
779 2257 899 2341 suarlet,

62 2363 281 2442 auxiliumque
297 2363 366 2423 viae
383 2369 504 2450 veteres
520 2364 633 2423 tellure
650 2365 784 2424 recludit

60 2444 239 2537 thesauros,
255 2461 398 2538 ignotum
412 2460 535 2536 argenti
550 2461 673 2538 pondus
688 2467 720 2520 et
734 2461 811 2520 auri.
826 2495 872 2533 μ.

60 2558 125 2618 His
141 2563 298 2618 commota
312 2559 421 2634 fugam
435 2557 519 2618 Dido
534 2558 697 2635 sociosque
707 2559 849 2636 parabat.
933 2576 976 2634 360

61 2654 274 2728 Conveniunt,
290 2655 404 2732 quibus
419 2660 474 2714 aut
489 2655 596 2714 odium
611 2655 735 2714 crudele
750 2656 881 2734 tyranni

60 2757 118 2812 aut
133 2756 238 2811 metus
253 2770 323 2811 acer
338 2757 424 2828 erat3
446 2751 546 2826 navis,
564 2771 643 2829 quae
658 2753 741 2812 forte
756 2757 893 2830 paratae,

61 2847 240 2926 corripiunt
254 2853 446 2925 onerantque
461 2868 545 2908 auro.
588 2849 761 2908 Portantur
776 2849 864 2908 avari

62 2945 282 3024 Pygmalionis
299 2964 373 3023 opes
389 2946 518 3023 pelag03
541 2945 606 3004 dux
621 2945 740 3004 femina
755 2946 841 3006 facti.

62 3044 228 3103 Devenere
242 3041 336 3115 locos,
352 3041 407 3102 ubi
420 3061 503 3102 nunc
519 3042 661 3120 ingentia
675 3042 778 3102 cernis
934 3060 974 3118 365

63 3138 189 3202 moenia
203 3145 446 3217 surgentemque
462 3157 562 3198 novae
577 3138 787 3216 Karthaginis
801 3158 912 3215 arcem,
