2300 3594
181 329 201 394 8
529 341 738 394 Aruernos.

179 512 247 572 ulla
260 520 378 586 tenent,
395 531 474 572 unco
489 531 552 570 non
566 511 678 588 alligat
693 529 806 572 ancora
820 528 934 578 morsu,

181 610 253 668 Huc
268 614 390 687 septem
406 609 529 668 Aeneas
544 609 685 668 collectis
700 607 834 668 navibus
849 607 936 667 omni
1051 635 1090 680 170

180 726 219 765 ex
233 725 363 766 numero
379 706 481 780 subit3
504 724 540 766 ac
555 725 667 782 magno
682 704 807 764 telluris
822 723 926 765 amore

180 803 299 879 egressi
316 809 425 880 optata
439 803 604 880 potiuntur
619 804 714 862 Troes
729 801 848 861 harena

180 907 212 959 et
227 900 292 960 sale
307 899 446 960 tabentis
461 905 549 959 artus
564 899 599 958 in
612 899 706 959 litore
721 903 850 976 ponunt.

222 999 268 1056 Ac
282 997 419 1074 primum
435 996 517 1056 silici
537 995 710 1055 scintillam
724 994 852 1054 excudit
866 993 1006 1054 Achates

182 1093 382 1172 suscepitque
397 1094 502 1169 ignem
517 1093 604 1152 foliis
620 1097 714 1168 atque
730 1091 819 1152 arida
833 1091 951 1150 circum
1052 1119 1091 1166 175

180 1191 375 1250 nutrimenta
390 1190 477 1249 dedit
492 1190 658 1266 rapuitque
674 1189 708 1247 in
723 1187 833 1247 fomite
848 1187 1014 1248 flammam.

182 1289 262 1346 Tum
278 1287 421 1348 Cererem
437 1292 614 1364 corruptam
631 1285 723 1345 undis
739 1284 942 1361 Cerealiaque
957 1303 1050 1347 arma

181 1384 354 1460 expediunt
368 1383 446 1442 fessi
462 1402 575 1456 rerum,
590 1383 761 1458 frugesque
777 1387 920 1459 receptas
1128 1367 1129 1378 ἵ

182 1486 214 1540 et
229 1486 347 1540 torrere
362 1486 476 1588 parapt
490 1479 624 1538 flammis
640 1483 672 1538 et
687 1479 833 1555 frangere
849 1496 933 1538 saxo.
1053 1507 1094 1552 179
1128 1458 1129 1514 l

182 1691 284 1738 Aeaeae
292 1704 344 1739 sees
352 1691 405 1736 aad
415 1690 499 1738 choors
507 1703 581 1736 seven
588 1694 667 1747 stopa,
677 1691 730 1737 cod
738 1702 894 1748 encourages
901 1692 942 1740 hie
948 1693 1093 1747 comradee,

241 1766 295 1812 who
306 1769 375 1812 roaet
386 1767 499 1820 centron,
512 1765 564 1810 ond
575 1765 643 1823 after
654 1766 742 1823 ecrinp
754 1767 775 1813 it
786 1765 875 1812 bcwcil
887 1766 955 1813 those
965 1765 1020 1812 who
1037 1767 1096 1813 lead

242 1841 303 1887 been
314 1840 368 1886 lost.

223 1963 346 2022 Aeneas
361 1963 523 2041 scopulum
538 1963 659 2022 interea
673 1962 855 2022 conscendit
869 1967 901 2022 et
916 1980 1041 2022 omnem

183 2067 382 2140 prospectum
396 2060 460 2119 late
476 2060 586 2137 pelago
602 2059 692 2137 petit,
709 2058 838 2120 Anthea
852 2058 880 2119 si
894 2078 988 2137 quem

182 2159 332 2218 iactatum
348 2162 442 2216 vento
457 2157 564 2216 videat
578 2155 797 2234 Phrygiasque
815 2156 942 2216 biremis

183 2260 238 2314 aut
253 2255 362 2331 Capyn
377 2259 431 2312 aut
446 2252 539 2312 celsis
554 2253 588 2311 in
603 2253 760 2330 puppibus
777 2272 863 2314 arma
878 2252 971 2314 Caici.

182 2352 304 2410 Navem
319 2350 352 2409 in
367 2355 537 2426 conspectu
551 2349 680 2423 nullam,
696 2351 755 2410 tris
771 2350 863 2410 litore
878 2367 987 2409 cervos

182 2447 334 2526 prospicit
350 2445 502 2520 errantis3
526 2446 582 2504 hos
598 2451 667 2505 tota
681 2451 822 2506 armenta
837 2449 1012 2522 sequuntur
1049 2463 1094 2524 185

182 2565 200 2604 a
215 2551 311 2620 terg0,
328 2549 360 2603 et
375 2543 502 2618 longum
519 2561 574 2619 per
588 2541 682 2601 vallis
697 2542 837 2619 pascitur
852 2560 972 2616 agmen.

182 2640 334 2702 Constitit
350 2640 409 2712 hic,
428 2657 596 2715 arcumque
612 2657 704 2696 manu
720 2638 900 2714 celeresque
916 2637 1050 2712 sagittas

181 2737 342 2814 corripuit,
364 2735 463 2816 [fidus
479 2732 558 2811 quae
572 2735 638 2794 tela
651 2734 778 2810 gerebat
792 2732 959 2813 Achates}

182 2835 389 2910 ductoresque
406 2833 492 2910 ipsos
508 2831 652 2908 primum,
668 2830 773 2908 capita
787 2831 853 2890 alte
867 2829 1001 2889 ferentis

182 2930 327 2992 cornibus
340 2929 487 3002 arboreis
501 2928 633 3002 sternit3
651 2932 720 2987 tum
731 2927 850 3004 volgus,
864 2931 897 2987 et
907 2945 1030 2987 omnem
1050 2957 1094 3002 190

182 3028 294 3087 miscet
308 3044 404 3104 agens
418 3026 493 3087 telis
507 3044 636 3085 nemora
650 3025 734 3085 inter
748 3025 880 3086 frondea
893 3026 1036 3099 turbam3

182 3143 240 3184 nec
255 3122 343 3201 prius
358 3122 496 3198 absistit,
512 3140 604 3200 quam
620 3128 740 3201 septem
755 3121 899 3200 ingentia
912 3123 1015 3184 victor
