2300 3594
165 338 205 402 28
511 347 722 398 Annnrnos.

164 525 245 594 nate,
262 520 376 592 Patris
384 519 498 578 summi
513 537 568 595 qur
559 475 648 577 teia
662 517 814 595 Typhoea
828 470 955 616 demnis,
1034 535 1077 593 665

163 618 203 676 ad
218 622 249 676 te
264 586 416 714 coniiigid
427 622 460 674 et
474 616 608 692 supplex
622 621 679 674 tua
693 614 824 674 numina
838 587 941 692 pdscc.

164 716 275 773 Frater
290 695 325 773 it
340 714 464 772 Aeneas
480 712 592 790 pelago
606 717 680 771 tuus
696 712 802 771 omnia
815 711 932 772 circum

164 811 266 913 litora
273 810 409 870 iactetur
423 809 503 868 odiis
519 809 651 868 Iunonis
667 808 804 882 acerbae,

164 879 240 966 nota
253 877 322 982 tibi,
338 913 370 967 et
384 912 493 965 nostro
509 905 640 966 doluisti
655 924 748 990 saepe
763 904 879 964 dolore.

164 1006 258 1064 Nunc
272 1003 448 1063 Phoenissa
463 1008 551 1062 tenet
566 1002 650 1072 Dido
665 997 852 1080 blandisque
867 967 1011 1060 ifioiaiur
1034 1019 1079 1074 670

165 1101 311 1176 vocibus3
335 1077 501 1173 atrorem,
514 1067 576 1176 qiio
592 1117 625 1158 se
641 1099 776 1158 Innonia
776 1103 915 1207 vertant

165 1198 321 1275 hospitia3
344 1197 428 1256 haud
444 1201 514 1255 tant
516 1215 534 1255 o
501 1182 690 1255 tcessabit
697 1165 829 1255 cardnie
842 1213 956 1254 rerum.

165 1296 316 1366 Quocirca
332 1312 441 1371 capere
456 1299 511 1352 ant
513 1311 529 1351 e
498 1293 626 1352 tdolis
642 1299 675 1353 et
690 1292 815 1370 cingere
830 1290 957 1351 flamma

165 1392 305 1468 reginam
319 1391 463 1464 meditor,
476 1409 514 1449 ne
529 1409 591 1466 quo
606 1409 640 1449 se
654 1388 782 1448 numine
797 1394 908 1463 mutet,

165 1489 221 1548 sed
236 1507 348 1565 magno
365 1489 489 1546 Aeneae
502 1505 623 1546 mecum
638 1490 784 1546 teneatur
798 1503 911 1545 amore.
1034 1503 1076 1562 ⁶75

165 1586 233 1655 Qua
254 1585 357 1644 facere
372 1584 405 1642 id
419 1583 531 1661 possiS,
547 1588 687 1642 nostram
702 1601 784 1642 nunc
800 1565 906 1660 accipe
921 1587 1076 1642 mentem.

165 1682 284 1758 Regius
300 1681 402 1741 accitu
417 1680 483 1740 cari
497 1679 649 1756 genitoris
665 1681 705 1740 ad
719 1679 828 1739 urbem

166 1779 328 1839 Sidoniam
342 1796 420 1855 puer
435 1777 481 1836 ire
495 1782 595 1854 parat,
611 1795 681 1836 mea
694 1775 832 1835 maxima
845 1794 929 1850 cura,

165 1877 247 1936 dona
261 1876 367 1934 ferens
382 1873 494 1952 pelago
509 1879 541 1932 et
556 1872 691 1932 flammis
707 1873 861 1932 restantia
875 1871 1004 1946 Troiae;

165 1973 249 2032 hunc
264 1991 320 2048 ego
335 1971 473 2048 sopitum
490 1987 599 2029 somno
614 1988 708 2048 super
723 1969 789 2029 alta
804 1969 943 2047 Cythera
1032 1983 1077 2029 680

166 2075 221 2129 aut
236 2087 328 2146 super
344 2067 481 2127 Idalium
497 2072 621 2126 sacrata
636 2067 709 2126 sede
725 2067 899 2140 recondam,

165 2185 205 2225 ne
221 2184 283 2243 qua
297 2165 377 2225 scire
392 2165 480 2224 dolos
495 2163 657 2222 mediusve
673 2181 833 2223 occurrere
848 2161 958 2240 possit.

166 2264 214 2322 Tu
229 2262 342 2322 faciem
357 2261 445 2320 illius
460 2266 585 2320 noctem
600 2278 663 2318 non
677 2259 812 2337 amplius
827 2278 923 2318 unam

166 2359 243 2419 falle
259 2358 339 2432 dolo,
356 2364 388 2417 et
403 2363 494 2416 notos
509 2356 600 2434 pueri
615 2375 693 2434 puer
707 2357 803 2416 indue
818 2355 934 2430 voltus,

166 2462 211 2532 ut,
227 2475 298 2515 cnm
312 2461 344 2514 te
360 2455 477 2530 gremio
493 2454 626 2532 accipiet
640 2453 816 2513 laetissima
830 2453 914 2512 Dido
1031 2467 1074 2528 685

167 2552 281 2629 regalis
297 2552 381 2610 inter
396 2569 518 2610 mensas
534 2550 723 2628 laticemque
739 2552 888 2628 Lyaeum,

167 2668 237 2709 cum
252 2648 341 2708 dabit
355 2647 518 2725 amplexus
533 2657 629 2724 atque
644 2647 752 2706 oscula
766 2646 872 2707 dulcia
885 2645 970 2723 figet,

167 2746 325 2807 occultum
340 2745 475 2822 inspires
491 2744 596 2821 ignem
610 2744 766 2821 fallasque
784 2743 922 2803 veneno!

167 2845 263 2902 Paret
278 2843 375 2901 Amor
390 2841 484 2902 dictis
499 2860 589 2901 carae
604 2840 782 2916 genetricis,
798 2845 830 2900 et
845 2841 911 2900 alas

167 2940 256 2999 exuit
270 2944 303 2998 et
317 2957 427 3016 gressu
442 2938 580 3015 gaudens
595 2937 714 2998 incedit
730 2937 802 2996 Iuli.
1032 2952 1079 3010 690

168 3038 212 3096 At
226 3038 334 3098 Venus
350 3036 486 3096 Ascanio
500 3035 657 3113 placidam
672 3054 728 3112 per
742 3034 880 3094 membra
894 3032 1035 3112 quietem

168 3133 295 3210 inrigat,
311 3138 344 3193 et
358 3133 461 3192 fotum
475 3131 594 3209 gremio
608 3131 668 3191 dea
681 3131 768 3191 tollit
782 3131 816 3190 in
830 3129 912 3191 altos
