2300 3594
190 331 232 398 22
539 345 750 398 Arsurum.

189 515 412 591 Dissimulant,
428 522 461 576 et
474 517 556 576 nube
571 535 649 576 cava
663 514 868 593 speculantur
881 517 1005 593 amicti,

189 631 270 690 quae
286 613 414 674 fortuna
428 612 514 688 viris,
530 613 662 672 classem
678 632 740 690 quo
753 612 848 673 litore
862 614 1026 691 linquant,

189 709 266 787 quid
281 709 427 768 veniant:
450 709 571 769 cunctis
586 728 658 768 nam
673 709 748 769 lecti
761 709 895 769 navibus
910 711 1003 770 ibant

189 811 315 880 orantes
330 806 463 882 veniam,
478 813 511 866 et
524 807 678 884 templum
691 807 827 867 clamore
841 808 1003 884 petebant.
1063 838 1104 886 5¹9

188 1009 311 1066 Ilioneus,
328 1023 357 1056 ue
379 1011 445 1057 their
461 1009 620 1067 spokasmca
643 1010 702 1067 begs
716 1012 764 1068 for
775 1012 934 1068 permisstorr
950 1016 975 1057 to
990 1009 1103 1060 rebuild

373 1084 439 1131 their
450 1085 529 1141 ships,
541 1085 594 1130 and
604 1084 654 1130 scil
665 1089 689 1131 to
700 1085 782 1142 Sicily
793 1097 823 1130 or
833 1085 910 1142 Italy.

228 1192 401 1269 Postquam
417 1191 602 1267 introgressi
618 1196 649 1250 et
664 1209 769 1252 coram
783 1192 858 1252 data
873 1191 964 1269 copia
977 1191 1084 1270 fandi,

189 1288 344 1348 maximus
359 1289 499 1348 Ilioneus
514 1288 639 1366 placido
653 1288 698 1348 sio
713 1294 838 1366 pectore
853 1289 973 1366 coepit:

190 1386 233 1446 ‘O
249 1385 365 1462 regina,
380 1404 495 1444 novam
510 1385 560 1444 cui
575 1386 708 1444 condere
724 1385 868 1463 Iuppiter
882 1385 992 1446 urbem

187 1482 374 1559 iustitiaque
390 1483 478 1542 dedit
494 1482 596 1558 gentis
612 1483 737 1542 frenare
752 1483 912 1560 superbas,

188 1581 285 1639 Troes
299 1585 332 1639 te
346 1579 463 1652 miseri,
479 1580 583 1638 ventis
598 1579 698 1638 maria
712 1578 817 1638 omnia
831 1579 924 1654 vecti,

188 1696 329 1736 oramus:
352 1675 482 1755 prohibe
498 1675 644 1734 infandos
659 1694 678 1734 a
692 1676 824 1736 navibus
840 1675 934 1752 ignis,
1059 1705 1100 1754 525
1141 1709 1142 1726 κ

187 1792 280 1852 parce
293 1774 346 1850 pio
361 1772 476 1849 generi,
493 1778 524 1831 et
538 1773 667 1850 propius
682 1791 732 1832 res
747 1771 853 1850 aspice
868 1778 1001 1834 nostras.

187 1873 262 1930 Non
275 1888 332 1930 nos
348 1875 402 1929 aut
417 1870 502 1928 ferro
517 1870 653 1946 Libycos
669 1869 819 1947 populare
834 1869 964 1930 Penatis

186 1968 340 2041 venimus
356 1972 412 2026 aut
426 1973 532 2045 raptas
548 1967 588 2025 ad
602 1965 697 2026 litora
710 1971 833 2026 vertere
849 1967 1000 2044 praedas3

187 2085 251 2124 non
265 2083 302 2124 ea
315 2064 363 2124 vis
380 2063 483 2123 animo
498 2082 557 2134 nec
569 2069 659 2122 tanta
673 2063 819 2140 superbia
833 2063 935 2124 victis.

186 2163 246 2222 Est
259 2162 356 2234 locus,
373 2161 562 2237 Hesperiam
577 2159 654 2220 Grai
668 2160 851 2236 cognomine
866 2161 983 2235 dicunt,
1056 2189 1100 2237 530

186 2265 272 2318 terra
285 2258 426 2334 antiqua,
443 2262 554 2334 potens
570 2256 665 2316 armis
681 2263 776 2334 atque
792 2257 885 2316 ubere
902 2258 1049 2334 glaebae,
1139 2270 1140 2320 l

187 2355 318 2416 Oenotri
333 2355 456 2414 coluere
470 2354 548 2428 viri3
571 2372 654 2414 nuno
668 2353 754 2412 fama
768 2354 904 2414 minores

184 2452 314 2511 ltaliam
331 2451 449 2512 dixisse
464 2451 552 2510 ducis
568 2450 606 2509 de
621 2449 748 2510 nomine
762 2455 895 2527 gentem.

186 2549 249 2608 Hic
266 2567 375 2608 cursus
391 2548 462 2621 fuit,
1138 2547 1139 2593 l

182 2665 257 2705 *oum
273 2645 377 2704 subito
392 2645 564 2720 adsurgens
579 2643 677 2703 fluctu
693 2643 855 2705 nimbosus
871 2643 969 2704 Orion
1057 2675 1098 2722 535

186 2743 219 2802 in
235 2743 316 2802 vada
331 2760 422 2802 caeca
435 2741 519 2814 tulit,
536 2741 724 2818 penitusque
740 2741 922 2823 procacibus
938 2741 1060 2802 austris
1137 2797 1138 2820 ,

186 2857 304 2918 perque
319 2839 427 2912 undas,
444 2843 612 2915 superante
627 2837 703 2911 salo,
718 2827 835 2914 perque
850 2837 938 2898 invia
952 2855 1032 2898 saxa
1137 2823 1138 2865 l

183 2936 338 3014 dispulit:
360 2935 423 2995 huc
436 2934 528 3012 pauci
543 2933 657 2994 vestris
673 2933 858 2994 adnavimus
874 2934 946 2994 oris.

184 3033 278 3104 Quod
292 3051 389 3109 genus
411 3033 470 3091 hoc
489 3031 679 3091 hominum?
702 3049 820 3109 quaeve
842 3031 925 3091 hunc
945 3035 1014 3092 tam
1029 3033 1102 3094 bar·
1136 3084 1137 3134 ,

268 3129 344 3190 bara
357 3147 475 3189 morem
867 3129 869 3136 ’
