2300 3594
45 298 159 402 f}
187 352 229 420 18
536 365 747 416 anunrnoa

174 456 182 485 l

35 388 148 538 fr

182 494 188 517 l

188 530 193 555 l

64 549 284 718 wiaricus
295 618 348 664 ond
358 616 477 672 Aetates,
487 616 620 664 concealed
630 615 662 674 by
673 629 690 662 a
700 616 769 670 mist,
781 620 853 663 enter
869 615 909 662 tte
925 617 978 673 otta
990 615 1045 661 aad
1054 625 1087 659 sec

159 698 174 714 ²
329 691 369 738 the
380 691 468 750 pcoplc
479 703 508 737 oe
519 690 583 748 busy
594 703 623 736 aa
634 690 689 736 bees
700 691 728 736 in
739 690 811 748 early
822 701 943 740 summer.

224 826 408 903 Corripuere
422 824 506 884 viam
522 824 650 899 interea,
666 841 729 901 qua
743 823 856 884 semita
869 828 1046 883 monstrat:
1130 789 1132 858 i

182 923 308 1000 iamque
323 922 533 982 ascendebant
547 920 669 995 collem,
685 920 740 998 qni
754 918 910 998 plurimus
923 920 997 979 urbi

181 1019 327 1079 imminet
341 1019 551 1096 adversasque
566 1023 710 1094 aspectat
724 1017 859 1095 desuper
873 1033 970 1076 arces.
1051 1041 1088 1086 μο
1131 1034 1132 1058 r

181 1116 318 1175 Miratur
332 1115 447 1174 molem
462 1114 594 1189 Aeneas,
609 1113 746 1190 magalia
760 1114 926 1192 quondam,

181 1212 314 1272 miratur
327 1217 436 1290 portas
452 1210 685 1289 strepitumque
700 1216 733 1269 et
747 1215 848 1270 strata
861 1209 994 1270 viarum.

181 1310 286 1369 Instat
300 1309 447 1368 ardentes
462 1308 566 1385 Tyrii:
588 1325 662 1385 pars
676 1307 789 1367 ducere
804 1325 909 1366 muros

180 1405 347 1483 molirique
362 1424 464 1465 arcem
479 1411 513 1464 et
527 1404 670 1464 manibus
686 1403 870 1463 subvolvere
885 1422 970 1478 saxa,

180 1521 253 1582 pars
268 1509 378 1580 optare
388 1502 496 1561 locum
512 1507 597 1561 tecto
613 1506 645 1560 et
658 1500 843 1560 concludere
858 1500 952 1560 suleo.
1051 1521 1087 1570 μς

183 1599 268 1679 [iura
281 1598 548 1675 magistratusque
565 1598 675 1674 legunt
694 1603 899 1674 sanctumque
914 1591 1085 1672 senatum]
1131 1609 1132 1632 ¹

180 1697 244 1756 Hic
259 1701 367 1774 portus
382 1695 438 1755 alii
454 1695 626 1769 effodiunt5
649 1693 700 1753 hic
714 1693 780 1752 lata
793 1693 926 1753 theatris

180 1793 386 1853 fundamenta
400 1797 512 1870 petunt
527 1790 592 1866 alii,
609 1791 824 1868 immanesque
839 1790 999 1850 columnas

130 1947 131 1953 ,
180 1889 310 1967 rupibus
326 1888 484 1963 excidunt,
501 1888 623 1948 scaenis
639 1888 751 1947 decora
765 1888 830 1947 alta
844 1886 979 1946 futuris:

180 1986 283 2065 quadis
298 2003 372 2064 apes
387 1990 507 2045 aestate
524 2003 606 2044 nova
620 2002 676 2062 per
690 1983 787 2044 florea
800 2002 874 2043 rura
1049 2007 1088 2054 430

180 2088 305 2142 exercet
320 2082 378 2142 sub
393 2081 458 2141 sole
472 2081 570 2156 labor,
586 2100 657 2140 cum
672 2080 775 2157 gentis
791 2081 915 2141 adultos

180 2181 318 2239 educunt
332 2179 427 2254 fetus,
445 2184 500 2238 aut
516 2197 587 2238 cum
601 2177 758 2255 liquentia
772 2176 867 2237 mella

180 2276 301 2353 stipant
315 2282 347 2335 et
362 2275 447 2334 dulei
461 2275 647 2334 distendunt
661 2281 786 2334 nectare
801 2274 905 2348 cellas,

180 2380 236 2433 aut
250 2391 346 2432 onera
358 2372 518 2450 accipiunt
533 2372 724 2446 venientum,
740 2377 796 2431 aut
809 2371 934 2448 agmine
948 2371 1036 2432 facto

179 2470 328 2546 ignavum
342 2470 431 2528 fucos
446 2488 541 2546 pecus
556 2488 575 2528 a
589 2468 791 2546 praesepibus
807 2474 933 2543 arcent3
1048 2491 1087 2542 435

179 2567 284 2626 fervet
298 2585 384 2645 opus,
401 2565 606 2650 redolentque
622 2565 733 2642 thymo
748 2565 925 2640 fragrantia
940 2565 1045 2627 mella.

182 2663 225 2723 ‘O
240 2662 404 2737 fortunati,
421 2682 553 2740 quorum
567 2662 632 2721 iam
646 2662 769 2720 moenia
783 2666 916 2738 surgunt
926 2661 951 2720 l’

179 2759 303 2820 Aeneas
319 2758 374 2834 ait,
390 2764 422 2818 et
435 2759 565 2836 fastigia
580 2757 714 2835 suspicit
729 2758 824 2817 urbis.

180 2857 285 2915 Infert
299 2875 332 2916 se
347 2862 475 2932 saeptus
490 2854 605 2914 nebula
623 2854 783 2932 (mirabile
798 2854 901 2932 dictu)

179 2971 235 3034 per
249 2952 369 3012 medios
384 2951 557 3030 miscetque
571 2951 658 3026 viris,
673 2969 775 3030 neque
789 2951 929 3011 cernitur
943 2950 1011 3012 ulli.
1045 2979 1086 3026 44⁰
