2300 3594
172 319 215 384 24
520 331 732 388 auruncos.

170 504 368 583 virtutesque
382 504 529 584 virosque
542 510 598 565 aut
612 505 695 565 tanti
709 505 856 566 incendia
869 505 978 568 belli?
1051 524 1095 586 5⁶⁶

170 601 243 661 Non
258 601 370 661 obtusa
384 602 461 662 adeo
476 607 634 679 gestamus
649 607 778 680 pectora
791 603 898 678 Poeni,

170 704 307 759 nectam
321 717 450 758 aversus
465 717 561 777 equos
577 699 674 778 Tyria
689 699 743 759 Sol
757 699 861 777 iungit
875 701 915 760 ab
929 699 1027 764 urbe.

172 795 234 855 Seu
247 814 303 855 vos
319 796 508 874 Hesperiam
522 814 668 873 magnam
684 796 894 875 Saturniaque
909 815 991 858 arva

171 891 239 952 sive
252 892 365 970 Erycis
379 892 451 952 finis
466 911 634 971 regemque
648 893 766 970 optatis
782 894 927 968 Acesten,
1047 922 1092 973 570

170 989 289 1048 auxilio
303 994 390 1049 tutos
405 989 564 1049 dimittam
580 989 754 1068 opibusque
769 990 893 1052 iuvabo.

169 1085 274 1146 Voltis
290 1085 386 1146 ethis
402 1105 522 1146 mecum
537 1086 656 1164 pariter
670 1087 832 1148 considere
847 1087 980 1164 regnis?

171 1182 291 1242 Urbem
306 1202 399 1260 quam
415 1189 529 1258 statuo,
546 1189 653 1244 vestra
667 1190 733 1261 est3
755 1184 920 1244 subducite
935 1185 1035 1247 navis
1049 1210 1057 1264 3

170 1281 248 1340 Tros
264 1279 442 1358 Tyriusque
456 1280 536 1339 mihi
549 1280 637 1340 nullo
652 1281 833 1342 discrimine
847 1287 965 1358 agetur.

170 1377 278 1454 Atque
292 1377 415 1436 utinam
429 1396 484 1437 rex
499 1377 567 1455 ipse
582 1377 667 1437 Noto
682 1379 862 1456 compulsus
878 1379 987 1438 eodem
1043 1407 1085 1457 575

170 1473 294 1534 adforet
309 1474 451 1534 Aeneas!
473 1473 618 1553 equidem
632 1494 689 1553 per
702 1474 798 1535 litora
812 1482 913 1536 certos

170 1570 329 1630 dimittam
344 1577 376 1631 et
391 1570 510 1648 Libyae
525 1571 661 1632 lustrare
677 1578 817 1632 extrema
831 1573 952 1647 iubebo,

170 1667 327 1746 siquibus
342 1667 461 1728 eiectus
476 1667 566 1728 silvis
581 1675 637 1728 aut
651 1669 779 1729 urbibus
795 1669 899 1730 errat!

170 1870 271 1918 Aeneas
293 1871 346 1918 and
366 1869 477 1918 Achates
499 1871 596 1918 become
615 1872 721 1919 visiblc:
736 1873 777 1920 tte
799 1873 936 1920 beauteoue
953 1883 1035 1930 crece
1053 1873 1085 1932 os

306 1944 415 2001 Aeneas,
427 1945 483 1992 who
494 1945 588 1992 ttanta
598 1945 666 1992 Dido
671 1948 719 2004 sor
729 1947 775 1994 ter
785 1948 938 2005 ceneroutc.

210 2051 271 2112 His
287 2052 426 2112 animum
441 2051 554 2111 arrecti
569 2052 664 2112 dictis
679 2058 712 2112 et
725 2054 819 2114 fortis
835 2052 974 2114 Achates

170 2155 202 2209 et
216 2154 306 2226 pater
320 2149 445 2209 Aeneas
460 2148 644 2209 iamdudum
659 2169 821 2228 erumpere
835 2151 951 2210 nubem
1037 2165 1080 2226 580

169 2246 330 2307 ardebant.
373 2246 464 2305 Prior
478 2246 608 2306 Aenean
623 2247 792 2324 compellat
807 2246 962 2306 Achates:

171 2343 270 2402 ‘Nate
285 2344 351 2418 dea,
367 2362 447 2421 quae
461 2363 544 2404 nunc
560 2344 665 2404 animo
680 2344 838 2404 sententia
853 2343 981 2421 surgit?

170 2439 284 2501 Omnia
297 2445 369 2500 tuta
381 2440 480 2516 vides,
497 2441 629 2500 classem
645 2441 807 2518 sociosque
823 2445 982 2519 receptos:

168 2556 250 2596 unus
265 2537 362 2612 abest,
379 2536 481 2596 medio
496 2537 530 2596 in
545 2537 644 2598 fluctu
660 2556 753 2615 quem
768 2538 906 2597 vidimus
921 2536 984 2615 ipsi

169 2635 382 2710 submersum
406 2634 499 2695 dictis
516 2621 706 2713 respondent
719 2640 823 2694 cetera
837 2633 967 2718 matris}
1037 2648 1078 2709 585

169 2731 233 2792 Vix
246 2750 284 2792 ea
297 2732 384 2792 fatus
401 2737 477 2806 erat,
493 2751 564 2792 cum
579 2731 771 2791 circumfusa
785 2725 914 2810 repente
938 2753 952 2782 κ

169 2813 286 2889 sdindit
300 2847 333 2888 se
348 2829 447 2888 nubes
463 2833 495 2887 et
509 2828 542 2888 in
557 2827 687 2889 aethera
700 2834 814 2907 purgat
829 2833 982 2907 apertum.

169 2925 304 2986 Restitit
320 2925 443 2986 Aeneas
458 2925 604 3004 claraque
619 2924 652 2986 in
667 2925 737 2986 luce
752 2924 881 2986 refulsit

168 3041 203 3084 os
218 3039 405 3101 umerosque
420 3021 478 3082 deo
493 3021 624 3098 similis;
646 3041 781 3100 namque
797 3022 867 3100 ipsa
880 3023 1025 3082 decoram

168 3119 338 3180 caesariem
352 3123 427 3180 nato
443 3119 587 3196 genetrix
601 3119 771 3197 lumenque
785 3119 932 3178 iuventae
1035 3144 1080 3194 59⁰
