2300 3594
178 355 219 419 20
527 365 738 418 snnnmos.

177 538 277 598 multa
292 555 427 615 gemens,
439 537 589 614 largoque
603 542 742 596 umectat
756 535 885 596 flumine
900 535 1041 598 voltum.
1052 555 1091 613 4⁶5

176 635 321 713 Namque
336 634 473 708 videbat,
488 633 537 693 uti
551 632 706 693 bellantes
721 634 874 710 Pergama
888 633 1012 693 circum

176 732 234 791 hac
250 732 397 808 fugerent
413 729 498 805 Grai,
514 735 670 808 premeret
685 731 821 789 Troiana
836 723 1007 806 iuventus3

176 829 234 888 hac
249 828 401 905 Phryges,
418 827 551 886 instaret
566 845 658 886 curru
674 828 823 886 cristatus
838 826 990 886 Achilles.

176 925 243 984 Nec
258 924 366 1002 procul
381 923 455 983 hine
469 922 570 982 Rhesi
586 923 687 982 niveis
703 923 841 983 tentoria
854 923 934 982 velis

177 1013 318 1098 agnoscit
331 1020 507 1094 lacrimans,
523 1020 624 1096 primo
641 1039 720 1097 quae
737 1019 863 1098 prodita
877 1038 987 1102 somno
1050 1048 1093 1094 470

177 1118 316 1196 Tydides
331 1117 431 1176 multa
444 1116 589 1176 vastabat
604 1117 697 1177 caede
715 1121 872 1192 cruentus,

177 1215 378 1292 ardentisque
393 1213 510 1274 avertit
524 1233 621 1291 equos
636 1214 670 1273 iu
686 1219 798 1288 castra,
813 1213 999 1291 priusquam
1138 1295 1139 1298 Ἴ

176 1312 292 1391 pabula
306 1315 486 1388 gustassent
501 1311 612 1370 Troiae
628 1311 854 1389 Xanthumque
870 1310 1039 1372 bibissent.
1138 1315 1139 1340 l

177 1410 272 1469 Parte
287 1408 349 1467 alia
363 1407 488 1484 fugiens
503 1407 627 1466 amissis
646 1407 770 1467 Troilus
785 1409 880 1467 armis

177 1506 292 1565 infelix
306 1523 384 1582 puer
397 1511 492 1581 atque
507 1503 598 1582 inpar
612 1523 796 1581 congressus
813 1496 951 1580 Achilli,'
1051 1533 1092 1581 475

178 1603 281 1662 fertur
296 1601 385 1678 equis
400 1619 555 1678 curruque
569 1602 678 1661 haeret
693 1602 858 1678 resupinus
874 1602 971 1676 inani,

178 1700 247 1758 lora
266 1704 378 1758 tenens
399 1703 521 1773 tamen3
554 1697 627 1758 huic
648 1698 816 1775 cervixque
838 1717 1005 1775 comaeque
1030 1705 1094 1760 tra

262 1795 382 1854 huntur

179 1912 236 1972 per
250 1898 375 1964 terram,
391 1897 423 1950 et
437 1910 529 1950 versa
542 1892 647 1969 pulvis
667 1892 849 1952 inscribitur
865 1892 965 1952 hasta.

180 1990 308 2049 interea
321 1989 361 2048 ad
374 1987 529 2065 templum
544 2007 607 2046 non
621 2007 739 2065 aequae
757 1989 897 2049 Palladis
912 1989 1002 2049 ibant

181 2086 319 2146 crinibus
335 2085 451 2144 Iliades
466 2085 567 2166 passis
582 2085 773 2163 peplumque
789 2086 943 2160 ferebant,
1051 2101 1094 2161 480

183 2181 368 2261 suppliciter
383 2180 492 2240 tristes
507 2186 539 2240 et
556 2186 669 2240 tunsae
684 2188 811 2260 pectora
825 2182 953 2261 palmis:

182 2281 257 2339 diva
270 2279 337 2338 solo
352 2277 430 2336 fixos
445 2277 552 2337 oculos
567 2296 677 2338 aversa
691 2281 826 2339 tenebat.

183 2378 244 2436 Ter
258 2375 375 2435 circum
390 2374 504 2433 iliacos
519 2380 699 2452 raptaverat
720 2377 859 2436 Hectora
875 2393 981 2437 muros

184 2473 424 2549 exanimumque
439 2490 515 2532 auro
530 2491 641 2550 corpus
659 2474 815 2533 vendebat
831 2459 997 2533 Achilles(

185 2573 266 2629 Tum
276 2587 350 2628 vero
362 2569 522 2644 ingentem
536 2569 688 2645 gemitum
701 2571 756 2630 dat
770 2575 897 2647 pectore
911 2569 950 2629 ab
964 2569 1037 2644 ime,
1051 2583 1092 2644 485
1136 2555 1137 2614 l

185 2673 222 2726 ut
236 2665 347 2743 spolia,
361 2671 398 2724 ut
412 2684 530 2740 currus,
548 2671 646 2743 utque
662 2667 767 2745 ipsum
782 2685 894 2747 corpus
909 2664 1002 2725 amici

185 2763 429 2840 tendentemque
444 2780 554 2822 manus
570 2762 731 2830 Priamum
746 2761 908 2840 conspexit
922 2762 1072 2822 inermes.

188 2861 227 2920 Se
242 2877 366 2937 quoque
384 2858 579 2937 principibus
597 2859 789 2937 permixtum
806 2858 935 2936 agnovit
950 2857 1093 2934 Achivis,

186 2958 331 3033 ansque
346 2955 428 3016 acies
444 2961 475 3015 et
489 2955 572 3032 nigri
588 2955 766 3014 Memnonis
781 2973 879 3016 arma.

187 3053 286 3113 Ducit
299 3052 527 3112 Amazonidum
542 3051 659 3110 lunatis
675 3051 801 3129 agmina
813 3051 909 3129 peltis
1053 3081 1096 3126 490

188 3148 393 3208 Penthesilea
406 3149 517 3209 furens
532 3147 707 3226 mediisque
722 3148 757 3207 in
771 3147 898 3207 milibus
914 3147 1011 3222 ardet,
