2300 3594
439 374 559 426 umas
580 375 607 426 ι.
934 362 977 432 17

56 561 202 622 namque
217 542 277 603 tibi
291 543 421 603 reduces
436 544 537 604 socios
553 545 748 624 classemque
763 547 896 607 relatam
935 576 979 623 390

57 640 179 700 nuntio
194 639 274 700 etin
288 645 393 699 tntum
407 641 508 700 versis
524 641 735 718 Aquilonibus
750 648 862 719 actam,

58 737 99 796 ni
114 737 237 796 frustra
251 737 418 813 augurium
432 737 506 797 vani
521 739 654 798 docuere
668 745 824 817 parentes.

59 833 183 910 Aspice
198 833 247 893 bis
262 851 354 893 senos
369 832 519 894 laetantis
534 835 660 911 agmine
676 855 800 914 cycnos,

60 929 210 990 aetheria
221 949 298 1008 quos
313 929 403 1008 lapsa
416 931 511 1009 plaga
524 932 612 991 Iovis
627 931 692 992 ales
708 939 815 1011 aperto

60 1026 215 1086 turbabat
229 1027 332 1103 caelo;
354 1046 438 1087 nunc
451 1033 552 1088 terras
567 1029 678 1088 ordine
691 1030 787 1108 longo
935 1059 976 1109 395

60 1128 122 1184 aut
136 1143 246 1201 capere
261 1129 317 1184 aut
331 1130 440 1200 captas
455 1124 518 1184 iarn
533 1125 714 1203 despectare
729 1127 894 1188 videntur:
928 1175 931 1184 .

60 1226 102 1279 ut
116 1220 246 1280 reduces
261 1220 312 1279 illi
326 1219 441 1280 ludunt
456 1221 665 1282 stridentibus
680 1223 740 1282 alis

62 1323 98 1376 et
112 1325 205 1377 coetu
220 1317 345 1378 cinxere
360 1317 468 1396 polum
483 1323 656 1397 cantusque
672 1321 795 1396 dedere,

61 1414 152 1473 haud
166 1414 259 1473 aliter
270 1433 454 1493 puppesque
469 1421 542 1476 tuae
558 1417 719 1494 pubesque
733 1423 860 1478 tuorum

62 1517 120 1570 aut
135 1516 262 1588 portum
276 1516 364 1571 tenet
378 1517 433 1571 aut
448 1512 541 1589 pleno
557 1513 642 1572 subit
657 1514 740 1574 ostia
750 1514 830 1575 vele.
933 1545 977 1590 400

62 1608 166 1684 Perge
182 1607 329 1683 modoet,
345 1614 453 1685 quate
469 1609 557 1669 ducit
571 1609 632 1684 via,
649 1611 749 1688 dirige
764 1613 924 1688 gressum!

106 1704 207 1778 Dixit,
223 1710 255 1764 et
269 1710 414 1765 avertens
430 1724 519 1765 rosea
533 1707 654 1766 cervice
669 1708 804 1784 refulsit,

62 1801 303 1880 ambrosiaeque
320 1821 425 1862 comae
438 1803 580 1862 divinum
596 1805 714 1865 vertice
729 1807 855 1866 odorem

62 1898 244 1976 spiravere3
257 1899 399 1976 -pedes
415 1899 513 1960 vestis
530 1901 660 1961 defluxit
674 1903 714 1962 ad
728 1902 807 1963 imos
818 1927 824 1963 :
834 1939 876 1950 -

62 2001 98 2055 et
113 2013 188 2054 vera
203 1995 328 2055 incessu
341 1996 446 2073 patuit
461 1996 527 2057 dea
571 1997 631 2056 Ille
646 1999 701 2058 nbi
720 2004 852 2060 matrem
933 2027 975 2079 403

63 2093 206 2170 agnovit,
222 2093 281 2152 tali
296 2093 473 2169 fugientem
487 2099 535 2153 est
550 2113 626 2154 voce
641 2100 767 2156 secutus
780 2119 786 2155 :

63 2190 167 2262 ‘Quid
181 2195 292 2250 natum
306 2190 434 2263 totiens,
451 2191 588 2250 crudelis
603 2196 640 2250 tn
654 2211 787 2271 quoque,
803 2194 895 2256 falsis

62 2287 151 2347 ludis
166 2287 383 2364 imaginibus?
406 2307 462 2349 cur
477 2289 606 2348 dextrae
621 2288 750 2366 iungere
765 2291 910 2352 dextram

56 2403 129 2444 non
143 2385 245 2458 datur,
260 2404 296 2444 ac
310 2404 400 2445 veras
416 2385 524 2445 audire
540 2390 573 2444 et
587 2386 716 2446 reddere
731 2406 822 2448 voces
834 2389 867 2449 ?'

63 2481 197 2542 Talibus
212 2482 344 2557 incusat,
361 2501 565 2561 gressumque
580 2484 621 2543 ad
632 2484 756 2544 moenia
769 2486 881 2546 tendit.
933 2514 977 2560 410

62 2581 110 2638 At
123 2579 231 2639 Venus
247 2578 378 2639 obscuro
394 2580 565 2656 gradientis
581 2586 651 2640 aere
666 2581 793 2659 saepsit,

63 2681 96 2734 et
111 2675 214 2734 multo
230 2675 362 2736 nebulae
378 2676 495 2736 circum
511 2678 570 2736 dea
585 2677 670 2736 fudit
686 2677 814 2754 amictu,

63 2791 193 2832 cernere
207 2791 246 2832 ne
261 2772 333 2850 quis
348 2791 401 2833 eos
415 2791 476 2833 nen
491 2774 563 2851 quis
579 2774 761 2851 contingere
775 2780 882 2855 posset

64 2869 212 2930 molirive
227 2887 346 2929 moram
361 2874 416 2929 ant
430 2870 579 2930 veniendi
593 2889 719 2949 poscere
734 2891 852 2933 causas.

64 2965 303 3046 IpsaPaphum
318 2966 463 3026 sublimis
478 2967 553 3043 abit,
570 2969 721 3046 sedesque
741 2969 854 3029 revisit
932 2996 975 3048 4¹5

64 3063 150 3122 laeta
164 3081 247 3138 suas,
264 3062 317 3122 nbi
332 3063 486 3141 templum
500 3063 559 3136 illi,
576 3069 765 3142 centumque
781 3065 901 3128 Sabaeo

64 3165 136 3220 ture
151 3159 256 3220 calent
270 3177 342 3220 arae
358 3159 513 3238 sertisque
528 3160 707 3222 recentibus
720 3160 839 3222 halant.
